3300 5067
246 376 285 439 14
818 380 835 437 Ι

244 543 379 609 euellere
411 565 515 629 neque
547 545 676 608 sinistra
701 542 848 629 inpedita
879 544 956 607 satis
988 543 1157 608 commode
1183 566 1329 630 pugnare
1354 568 1412 630 po-

214 634 356 711 4terant,
378 628 472 693 multi
488 638 525 693 ut
547 628 603 693 diu
620 630 740 693 iactato
758 626 893 692 brachio
911 637 1138 775 praeoptarent
1160 638 1287 693 scutum
1313 653 1412 694 manu

215 716 387 782 bemittere
405 724 437 778 et
453 713 541 778 nudo
560 735 694 798 corpore
715 734 869 798 pugnare.
945 713 1061 778 andem
1083 713 1271 779 uulneribus
1295 714 1412 779 defessi
1424 720 1463 777 10

245 810 276 863 et
298 799 414 885 pedem
431 798 551 863 referre
568 808 607 880 et,
630 796 718 884 quod
735 820 829 862 mons
852 796 983 863 suberat
1000 798 1127 863 circiter
1144 797 1232 862 mille
1257 822 1411 884 passuum

215 887 356 968 (ispatio,
383 906 420 948 co
440 905 474 948 se
490 885 634 1032 reeiffire
651 892 832 982 coepenmt
868 881 971 968 Capto
990 892 1098 948 monte
1115 892 1147 947 et
1166 883 1411 949 succedentibus

127 986 130 991 ·
243 970 362 1034 nostris
373 969 448 1033 Boii
456 979 488 1033 et
505 969 579 1033 Tu·
605 970 648 1053 gi,
667 990 723 1053 qur
731 967 898 1032 hominum
916 967 1048 1033 milibus
1070 969 1199 1033 circiter
1207 968 1273 1034 XV
1295 991 1413 1054 agmen

245 1054 386 1119 hostium
413 1052 609 1119 claudebant
634 1063 666 1118 et
696 1053 883 1117 nouissimis
908 1053 1071 1138 praesidio
1103 1063 1210 1136 erant,
1237 1076 1279 1118 ex
1299 1056 1413 1119 itinere

244 1149 370 1204 nostros
396 1137 496 1203 latere
533 1146 644 1224 aperto
667 1137 821 1223 gadgressi
847 1139 1079 1203 circumuenire
1109 1148 1140 1203 et
1174 1138 1208 1203 id
1235 1141 1413 1225 conspicati
1425 1144 1461 1200 15

244 1224 397 1305 Heluetii,
418 1224 475 1309 qui
492 1226 526 1287 in
543 1231 686 1288 montem
704 1244 774 1287 sese
791 1231 987 1308 receperant,
1004 1245 1114 1287 rursus
1132 1225 1253 1289 instare
1271 1233 1303 1288 et
1319 1247 1412 1310 proe-

217 1308 324 1377 llium
342 1309 561 1394 redintegrare
583 1317 765 1393 coeperunt
807 1307 948 1372 Romani
966 1329 1122 1373 conuersa
1144 1310 1238 1393 signa
1259 1308 1411 1395 bipertito

244 1393 435 1458 intulertmt:
461 1394 617 1479 primast
639 1392 782 1457 secunda
800 1394 895 1475 acies,
920 1402 956 1456 ut
970 1394 1065 1457 uictis
1089 1415 1128 1457 ac
1146 1396 1314 1459 summotis
1335 1396 1411 1459 resi-

245 1488 349 1559 steret,
367 1480 472 1561 tertia,
493 1487 529 1541 ut
547 1478 710 1542 uenientes
734 1478 910 1541 sustineret.

219 1568 234 1629 1
329 1562 454 1627 XXVI.
471 1564 523 1627 Ita
542 1563 675 1648 ancipiti
693 1562 816 1648 proelio
837 1562 893 1626 diu
911 1572 1009 1648 atque
1031 1564 1147 1628 acriter
1161 1573 1342 1648 pugnatum
1356 1574 1412 1629 est.

244 1649 377 1713 Diutius
396 1670 469 1711 oum
487 1649 644 1712 sustinere
660 1656 843 1711 nostrorum
861 1649 999 1733 impetus
1016 1670 1080 1713 non
1127 1658 1241 1729 ossent,
1260 1646 1352 1713 alteri
1370 1672 1413 1730 se,

245 1743 281 1797 ut
304 1743 485 1819 coeperant,
511 1735 545 1797 in
568 1742 708 1797 montem
731 1755 804 1797 rece
829 1742 929 1814 erunt,
957 1732 1049 1797 alteri
1077 1670 1124 1797 al
1145 1734 1179 1796 in
1203 1732 1364 1799 edimenta
1382 1744 1413 1798 et

216 1823 355 1886 2carros
383 1840 458 1883 suos
484 1840 518 1882 se
545 1816 755 1882 contulertmt.
798 1756 884 1881 llam
911 1817 974 1883 hoc
1000 1826 1067 1882 toto
1095 1756 1232 1904 proelio,
1265 1840 1338 1883 cum
1370 1819 1411 1883 ab

245 1904 328 1967 hora
358 1904 497 1988 septima
528 1902 571 1966 ad
600 1923 771 1987 uesperum
802 1912 983 1987 pugnatum
1015 1904 1069 1984 sit,
1108 1925 1258 1967 auersum
1288 1903 1413 1969 hostem
1444 1908 1462 1966 5

216 1988 357 2055 3uidere
374 2009 468 2052 nemo
487 1989 599 2073 potuit
633 1986 689 2051 Ad
706 1986 842 2051 multam
860 1997 986 2051 noctem
1005 1990 1103 2052 etiam
1121 1987 1164 2053 ad
1182 1986 1413 2074 impedimenta

269 2084 427 2158 ugnatum
451 2082 506 2155 est,
527 2081 699 2159 propterea
717 2072 806 2157 quod
821 2095 880 2157 pro
898 2071 985 2137 uallo
1009 2094 1117 2137 carros
1137 2072 1321 2138 obiecerant
1343 2084 1375 2137 et
1396 2098 1414 2139 e

245 2096 317 2223 loco
341 2158 505 2243 superiore
522 2160 556 2221 in
574 2166 700 2222 nostros
723 2158 886 2222 uenientes
908 2157 973 2222 tela
991 2158 1202 2239 coniciebant,
1220 2168 1251 2223 et
1268 2158 1413 2223 nonnulli

245 2245 328 2307 inter
346 2265 456 2307 carros
470 2252 624 2328 rotasque
641 2250 784 2306 mataras
794 2264 833 2306 ac
844 2242 990 2327 tragulas
1008 2242 1213 2307 subiciebant
1222 2251 1413 2329 nostrosque

215 2327 469 2393 Auulnerabant.
494 2328 564 2392 Diu
582 2349 656 2391 cum
675 2336 757 2391 esset
768 2338 959 2413 pugnatum,
977 2328 1217 2414 impedimentis
1234 2330 1413 2414 castrisque
1427 2335 1465 2392 10

215 2416 347 2480 snostri
368 2414 463 2498 potiti
472 2422 552 2477 sunt.
596 2411 650 2475 Ibi
668 2411 872 2498 Orgetorigis
898 2411 968 2478 filia
990 2423 1088 2499 atque
1104 2434 1187 2477 unus
1206 2436 1224 2478 e
1244 2412 1320 2478 filiis
1340 2436 1414 2500 cap-

244 2507 296 2561 tus
319 2507 374 2563 est.
417 2498 471 2561 Ex
497 2520 534 2562 eo
559 2496 683 2582 proelio
707 2498 833 2561 circiter
850 2497 1017 2562 hominum
1040 2498 1131 2563 milia
1150 2496 1278 2562 CXXX
1305 2522 1413 2584 super-

245 2582 374 2646 fuerunt
387 2604 490 2668 caque
498 2591 567 2647 tota
581 2590 676 2646 nocte
689 2584 888 2647 continenter
899 2583 1015 2647 ienmt:
1032 2582 1155 2647 nullam
1169 2592 1295 2668 partem
1309 2586 1413 2649 noctis

245 2669 358 2732 itinere
383 2669 565 2731 intermisso
592 2668 626 2730 in
652 2666 733 2731 fines
755 2667 941 2752 Lingonum
969 2668 1021 2731 die
1049 2677 1164 2753 quarto
1190 2679 1413 2753 peruenerunt,

246 2774 319 2816 cum
337 2761 369 2817 et
386 2762 516 2839 propter
529 2751 664 2816 uulnera
677 2750 816 2816 militum
835 2761 867 2816 et
881 2760 1013 2838 propter
1027 2751 1224 2839 sepulturam
1234 2756 1412 2820 occisorum
1424 2759 1461 2816 15

216 2840 345 2904 tincstri
362 2837 505 2901 triduum
523 2838 641 2901 morati
658 2859 712 2901 eos
730 2840 823 2922 sequi
840 2859 905 2902 non
923 2840 1109 2923 potuissent
1142 2836 1263 2903 Caesar
1281 2839 1324 2904 ad
1337 2840 1412 2903 Lin-

245 2945 348 3008 gonas
370 2921 493 2987 litteras
510 2923 705 3007 nuntiosque
731 2923 827 3004 misit,
848 2945 890 2987 ne
912 2945 967 2987 eos
993 2922 1152 2988 frumento
1179 2945 1260 2988 neue
1286 2924 1353 2989 alia
1377 2947 1412 2987 re

245 3008 409 3072 iuuarent:
433 3009 490 3093 qui
512 3009 540 3071 si
561 3008 726 3088 iuuissent,
749 3029 783 3071 se
805 3007 919 3072 codem
937 3007 1018 3090 loco,
1036 3029 1100 3093 quo
1118 3008 1295 3090 Heluetios,
1321 3008 1412 3073 habi·

245 3103 360 3156 turum.
404 3090 479 3178 Ipse
505 3092 611 3157 triduo
634 3092 815 3156 intermisso
839 3114 913 3155 cum
938 3092 1090 3158 omnibus
1117 3094 1217 3179 copiis
1240 3116 1295 3158 eos
1321 3095 1413 3179 sequi

246 3180 360 3263 coepit.
1423 3185 1463 3243 20

245 3316 447 3326 *-

244 3415 268 3466 8.
287 3414 408 3481 inpedita
426 3415 453 3467 A
470 3415 639 3484 impeditaB
673 3416 822 3471 commodas
840 3417 876 3471 A‘
910 3418 935 3471 9.
945 3417 1021 3472 scuta
1043 3432 1057 3470 e
1075 3415 1103 3469 A
1126 3416 1236 3481 stelcuta
1254 3430 1267 3469 e
1285 3414 1323 3467 M
1339 3379 1413 3469 scutll

245 3496 273 3551 Β
307 3498 452 3566 raspatio
470 3499 533 3555 add.
551 3500 652 3556 Dintcr
685 3499 891 3569 snccepdcntib3
909 3500 937 3556 Β
971 3501 1014 3556 13.
1033 3500 1124 3555 circite
1140 3498 1177 3554 B¹
1211 3500 1252 3555 15.
1270 3499 1413 3554 circumue-

245 3634 301 3686 nire
319 3632 385 3687 MU
398 3598 532 3690 cillanem
546 3634 576 3689 Β
592 3636 663 3691 circu
681 3651 776 3690 uenere
793 3635 820 3690 A
846 3635 1040 3691 circumusnsre
1058 3634 1149 3690 RTUn
1196 3636 1236 3691 16.
1253 3636 1360 3690 heluitii
1386 3637 1413 3689 A

244 3718 355 3772 heluicii
373 3716 411 3771 M
441 3719 554 3787 pralium
580 3719 608 3775 Β
642 3722 683 3776 17.
701 3720 819 3789 bipertra
835 3720 880 3776 B‘.

312 3806 808 3925 xxvi.1.a(²l)01piuniti¹(’u)tun
834 3858 858 3911 2.
876 3816 1031 3925 pasius
1056 3856 1080 3909 a.
1090 3816 1224 3911 mospius.
1241 3854 1269 3912 Β
1312 3856 1413 3926 inpedi-

245 3940 336 3991 menta
352 3941 388 3992 A‘
414 3941 608 4010 impedimenta
623 3939 652 3997 B
696 3941 720 3995 5.
739 3957 861 3996 auersum
879 3942 907 3996 A
924 3956 993 3997 corr.
1010 3941 1040 3996 Β
1056 3956 1125 3997 corr.
1157 3941 1297 3997 aduersum
1325 3942 1356 3995 X
1389 3942 1413 3994 t.

245 4005 312 4078 na¹lo
329 4022 358 4077 Β
409 4025 561 4082 abiecerunt
578 4025 617 4080 B‘
675 4028 699 4080 9.
722 4026 805 4095 rotas]
831 4025 907 4081 redas
933 4025 1034 4081 Meiser
1086 4028 1127 4081 11.
1149 4026 1205 4081 lilia
1224 4046 1242 4081 α
1267 4026 1338 4081 filiae
1355 4026 1413 4098 βΒ1

246 4161 285 4213 12.
303 4134 423 4229 proelitrl)
440 4160 469 4215 Β
503 4162 544 4216 13.
561 4178 593 4217 aa
610 4162 698 4233 qusA
726 4162 765 4217 14.
785 4163 882 4230 quarta
898 4161 935 4215 A‘
970 4162 1011 4217 15.
1030 4164 1205 4230 occi(s)sorum
1223 4162 1252 4217 Β
1273 4145 1327 4217 ¹16.
1345 4162 1412 4230 ligo

249 4312 332 4363 gonas
349 4297 377 4351 A
412 4298 453 4351 18.
471 4296 517 4365 qui
535 4297 568 4365 si]
586 4297 656 4366 siqui
679 4297 720 4353 W.
739 4296 814 4351 Paul
834 4296 963 4353 heluitios
980 4299 1007 4354 A
1024 4300 1151 4356 heluieios
1169 4300 1208 4353 Μ
1237 4258 1359 4353 habittlln
1377 4296 1411 4351 Β.
