3300 5067
243 404 305 470 102
812 412 842 472 V

242 586 323 659 tunt,
344 587 381 641 ut
394 575 664 642 Mandubracium
687 576 728 641 ab
751 577 871 641 iniuria
888 576 1122 643 Cassiuellauni
1140 575 1293 641 defendat
1314 584 1347 640 at
1371 598 1411 640 ue

213 661 278 725 4111
308 663 473 728 ciuitatem
503 664 621 744 mittat,
653 662 858 811 quilppaesit
887 662 1124 748 imperiumque
1154 662 1305 747 optineat.
1385 662 1392 676 ’

245 746 366 812 Cacsar
396 749 534 833 imperat
564 746 691 812 obsides
805 747 1067 834 frumentumque
1093 748 1247 811 exercitui
1273 745 1410 810 Mandu-

244 832 454 918 braciumque
476 831 520 897 ad
541 854 596 897 eos
614 832 720 896 mittit.
763 831 817 897 Illi
839 834 998 919 imperata
1020 831 1164 898 celeriter
1181 830 1332 914 feccnmt,
1355 830 1411 896 ob·
1422 834 1462 893 10

245 914 330 984 sides
349 917 576 982 adnumerum
593 917 854 1003 frumentumque
875 918 1039 982 misemnt.

218 1000 234 1063 1
329 1002 422 1066 XXI.
453 1002 708 1067 Trinouantibus
731 1002 873 1068 defensis
895 1012 992 1089 atque
1019 1002 1061 1067 ab
1085 1003 1174 1066 omni
1196 1000 1336 1065 militum
1366 1000 1412 1064 in-

244 1088 328 1152 iuria
345 1085 527 1173 prohibitis,
538 1086 739 1173 Cenimagni,
754 1088 950 1173 Segontiaci,
967 1086 1141 1169 Ancalites,
1158 1086 1300 1167 Bibroci,
1318 1084 1412 1151 Cassi

216 1168 460 1257 2legationibus
482 1172 591 1237 missis
613 1195 682 1237 sese
700 1173 832 1251 Caesari
855 1172 982 1238 dedunt.
1013 1171 1067 1238 Ab
1089 1174 1130 1237 iis
1153 1194 1189 1236 co
1237 1172 1326 1253 oscit,
1346 1193 1413 1235 non

244 1258 341 1343 longe
363 1278 405 1323 ex
433 1280 472 1323 eo
493 1256 565 1323 loco
592 1257 748 1344 oppidum
776 1257 1013 1324 Cassiuellauni
1039 1259 1152 1323 abesse
1175 1258 1200 1321 s'
1213 1258 1264 1321 uis
1286 1255 1411 1342 paludi-

244 1343 371 1428 busque
393 1344 568 1425 munitum,
621 1366 662 1408 uo
691 1344 768 1410 satis
790 1366 928 1428 magnus
950 1343 1118 1407 hominum
1144 1344 1333 1428 pecorisque
1354 1364 1412 1405 nu·
1443 1344 1462 1403 5

215 1422 353 1492 {imerus
373 1428 564 1493 conuenerit
600 1365 652 1515 Cp
677 1428 769 1493 idum
787 1438 895 1493 autem
912 1429 1061 1493 Britanni
1074 1437 1200 1509 uocant,
1222 1450 1295 1491 cum
1314 1425 1412 1490 siluas

245 1512 405 1598 inpeditas
427 1511 514 1577 uallo
537 1522 634 1598 atque
654 1451 744 1578 losse
761 1514 954 1595 munierunt,
977 1535 1040 1599 quo
1062 1513 1254 1578 incursionis
1272 1511 1413 1577 hostium

119 1678 122 1682 Ι
216 1594 397 1663 4uitandae
428 1618 527 1663 cause
556 1600 725 1664 conuenire
754 1608 955 1663 consuerunt
1014 1598 1064 1663 Eo
1094 1597 1310 1684 proficiscitur
1340 1618 1414 1661 eum

246 1682 446 1767 legionibus:
479 1682 586 1749 locum
612 1684 756 1769 repperit
780 1686 912 1770 egregie
936 1693 1053 1748 namra
1075 1693 1171 1769 atque
1194 1705 1290 1768 opere
1311 1684 1413 1746 muni-

247 1778 333 1851 tum3
362 1778 472 1833 tamen
502 1768 588 1833 bunc
616 1768 742 1834 duabus
772 1792 814 1835 ex
844 1769 992 1856 partibus
1023 1791 1214 1855 oppugnare
1243 1766 1413 1833 contendit
1425 1770 1465 1829 10

218 1848 367 1917 bHostes
392 1853 557 1941 paulisper
582 1855 700 1919 morati
728 1854 868 1919 militum
889 1863 1073 1920 nostrorum
1101 1854 1259 1941 impetum
1280 1875 1345 1916 non
1366 1862 1413 1916 tu·

219 1934 352 2003 Clerunt
383 1959 517 2024 seseque
545 1939 608 2003 alia
637 1960 679 2005 ex
705 1948 798 2026 parte
831 1938 945 2026 oppidi
976 1940 1145 2004 eiecerunt.
1195 1938 1336 2024 Magnus
1367 1938 1414 2001 ibi

247 2045 399 2087 numerus
429 2022 555 2109 pecoris
580 2034 738 2110 repertus,
768 2024 926 2110 multique
947 2026 981 2089 in
1002 2024 1083 2111 fuga
1109 2033 1183 2089 sunt
1204 2022 1415 2110 conprehensi

248 2117 345 2194 atque
365 2107 534 2173 interfecti.

219 2189 235 2252 1
332 2193 443 2257 XXII.
465 2195 556 2258 Dum
577 2193 657 2259 haec
683 2195 717 2259 in
742 2195 794 2260 his
820 2194 900 2259 locis
923 2204 1085 2280 gerrmtur,
1107 2193 1350 2260 Casiuellaunus
1373 2190 1416 2257 ad

248 2277 415 2361 Cantium,
435 2278 523 2365 quod
551 2302 621 2345 esse
648 2279 691 2344 ad
717 2302 807 2345 mare
834 2302 933 2366 supra
958 2280 1266 2361 demonstrammus,
1297 2276 1415 2364 quibus

246 2364 435 2448 regionibus
479 2374 609 2430 uattuor
629 2387 723 2449 reges
745 2375 924 2451 praeerant,
942 2364 1141 2451 Cingetorix,
1160 2364 1330 2445 Caruilius,
1351 2362 1414 2427 Ta·

247 2448 443 2534 ximagulus,
458 2387 629 2535 begonem,
654 2451 782 2515 nuntios
807 2452 906 2515 mittit
931 2459 1027 2536 atque
1054 2449 1105 2514 his
1126 2452 1273 2535 imperat,
1294 2450 1343 2513 uti
1363 2470 1414 2512 co-

249 2534 329 2597 actis
338 2533 488 2599 omnibus
498 2535 602 2621 copiis
610 2545 717 2600 eastra
732 2535 864 2601 naualia
880 2535 921 2600 de
934 2536 1099 2622 inprouiso
1114 2534 1300 2600 adoriantur
1318 2542 1416 2619 atque
1447 2539 1465 2599 5

219 2613 446 2703 2oppugnent.
488 2620 612 2685 Iicum
635 2619 678 2684 ad
699 2630 806 2685 castra
828 2622 999 2703 uenissent,
1020 2621 1123 2685 nostri
1144 2622 1311 2707 eruptione
1328 2618 1416 2683 facta

249 2702 357 2767 multis
383 2724 494 2768 eorum
524 2704 716 2788 interiectis,
747 2715 843 2792 capto
866 2707 964 2771 etiam
985 2706 1086 2771 nobili
1112 2705 1194 2770 duce
1216 2704 1418 2791 Lugotorige

220 2785 326 2852 3suos
356 2788 532 2855 incolumes
558 2790 763 2856 reduxcrrmt.
807 2790 1069 2857 Cassiuellaunus
1095 2791 1158 2856 hoc
1184 2790 1307 2877 proelio
1338 2812 1417 2854 nun-

250 2873 339 2955 tiato,
360 2882 409 2938 tot
430 2873 627 2941 detrimentis
649 2877 806 2962 acceptis,
836 2878 971 2941 uastatis
994 2876 1131 2959 finibus,
1162 2878 1304 2941 maxime
1321 2875 1417 2940 etiam

253 3079 276 3133 7.
295 3094 356 3133 man
374 3078 528 3134 dubratinm
544 3078 571 3132 A
606 3092 668 3133 man
683 3079 687 3147 Ι
703 3077 832 3133 dubraeiu
849 3078 888 3133 Μ
916 3077 1016 3133 mandu
1038 3078 1158 3133 bracium
1175 3078 1204 3132 B
1254 3079 1279 3132 8.
1297 3078 1419 3147 optineat

252 3161 315 3217 A‘B
349 3162 399 3217 His
421 3162 448 3218 U
461 3163 521 3217 Hiis
544 3165 569 3215 Τ
581 3163 619 3217 lis
639 3183 656 3215 α
690 3164 715 3218 9.
733 3162 1003 3233 mandubracinmque
1022 3183 1040 3217 α
1056 3163 1346 3233 manumissiones
1378 3164 1419 3217 11.

254 3250 470 3319 frumentumque
487 3246 550 3303 AB‘
568 3248 754 3318 frumentaque
772 3247 832 3319 Μβ.

322 3385 396 3441 xxi
423 3385 448 3439 1.
465 3384 674 3440 resonantibus
690 3383 774 3457 Anu
807 3384 887 3441 reno
909 3359 1028 3441 oumub'
1041 3380 1080 3439 n
1109 3383 1195 3453 aeque
1212 3384 1255 3437 B*
1279 3344 1383 3437 mussi
1393 3381 1422 3437 n

255 3471 280 3527 2.
299 3469 356 3525 ceni
374 3470 467 3539 magni
484 3470 520 3523 A‘
537 3470 688 3539 cenimagni
705 3470 741 3523 B‘
758 3469 908 3524 cenimanni
929 3469 957 3524 U
1001 3485 1030 3524 se
1047 3468 1168 3539 gorumi
1184 3468 1223 3523 Μ
1250 3468 1278 3524 3.
1291 3468 1325 3523 iis
1343 3488 1362 3521 α
1379 3468 1421 3521 his

256 3559 276 3626 β
316 3556 342 3610 4.
360 3570 404 3609 cus
419 3553 424 3623 Ι
439 3554 478 3619 si}
497 3554 616 3609 nellauni
632 3553 661 3609 B
695 3555 719 3609 6.
737 3553 871 3609 brittanni
887 3553 914 3607 A
966 3555 990 3609 7.
1008 3553 1143 3623 inpeditas
1160 3553 1195 3608 Μ
1235 3553 1377 3624 impeditas
1394 3552 1423 3607 B

257 3708 300 3763 11.
317 3708 447 3776 impetum
464 3701 525 3762 ΜΒ
551 3706 668 3777 inpbum
685 3705 712 3761 A
745 3707 882 3777 tultorunt
897 3709 925 3761 A
976 3705 1018 3762 12.
1036 3641 1147 3777 seschd
1159 3706 1189 3761 B
1221 3708 1275 3762 alia
1301 3723 1332 3761 ex
1351 3727 1368 3759 α
1392 3723 1423 3761 cx

258 3792 351 3864 aliast
384 3793 424 3848 13.
443 3795 582 3862 reppertus
599 3792 626 3847 A
660 3792 836 3863 conprehensi
852 3792 911 3847 ΜΒ
927 3792 1109 3865 comprehensi
1125 3792 1153 3847 A

326 3876 412 3931 XXII.
431 3878 455 3933 1.
475 3876 545 3932 Dum
563 3882 583 3950 β
603 3876 669 3934 Cum
690 3897 707 3930 α
741 3876 821 3950 hisp
845 3877 899 3931 hiis
917 3878 955 3933 Μ
974 3878 1009 3933 iis
1026 3877 1089 3935 AB‘
1124 3877 1179 3931 cesi
1203 3878 1345 3933 uessaunus
1362 3876 1426 3932 A‘B

259 4015 286 4070 4.
303 4026 419 4084 egone
435 4014 518 4083 Ans
539 3974 654 4082 ends
671 4012 710 4069 rr
738 4013 782 4069 ns
795 4012 823 4069 ιι
836 4014 890 4069 ιιι
913 4016 939 4067 r
950 4015 985 4069 ns
1002 3983 1053 4083 (ns
1070 4011 1118 4081 m
1137 4033 1154 4065 α
1189 4012 1320 4084 saera]
1337 4018 1427 4069 antra

260 4100 289 4154 A
323 4098 347 4155 6.
361 4098 385 4153 ll
404 4118 422 4151 α
440 4098 487 4154 Hii
506 4096 583 4154 rni
604 4096 632 4154 U
662 4101 686 4154 7.
704 4099 798 4170 multis
815 4099 842 4153 A
877 4100 1028 4169 lugetorige
1047 4118 1065 4151 α
1083 4098 1247 4168 cingetorige
1265 4102 1285 4168 β
1306 4100 1331 4154 8.
1351 4098 1427 4153 Cassi

262 4236 379 4293 uellam'
397 4237 423 4290 A
458 4193 520 4292 odsi
537 4209 658 4323 uellgud
672 4235 709 4289 M
731 4234 971 4290 OasiuelleunusB

593 4322 624 4374 (2)
