3300 5067
243 374 304 438 120
807 376 837 435 V

237 541 477 609 intercedebant
507 564 612 627 neque
639 542 736 605 etiam
764 539 901 626 paruulo
930 540 1119 605 detrimento
1146 538 1276 602 illorum
1298 536 1407 601 locum

237 628 375 714 relinqui
401 626 548 707 uidebat,
582 626 731 692 omnibus
759 628 824 690 suis
851 624 1070 690 incolumibus
1093 625 1195 709 copiis
1217 621 1332 687 eodem
1355 622 1407 686 die

207 714 280 779 aad
295 714 482 779 Ciceronem
500 713 652 797 peruenit.
686 710 854 775 [nstitutus
872 719 984 792 turres,
1005 709 1181 775 testudines
1199 708 1406 771 munitiones-

238 820 300 883 que
322 799 463 863 hostium
486 797 679 879 admiratum
710 796 837 881 legione
862 795 1023 881 producta
1059 795 1226 879 cognoscit
1255 816 1321 857 non
1353 792 1406 857 de·
1438 798 1456 855 5

207 885 356 949 3cimum
385 905 544 969 quemque
570 903 640 947 esse
664 881 826 966 reliquum
851 880 989 946 militem
1016 882 1084 945 sine
1109 878 1256 943 uulnere:
1288 900 1330 941 ex
1356 878 1406 942 his

237 967 386 1034 omnibus
417 968 539 1032 iudicat
564 966 675 1049 rebus,
708 977 829 1051 quanto
853 988 927 1029 cum
953 964 1096 1052 periculo
1125 974 1157 1029 et
1184 972 1306 1049 quanta
1332 984 1406 1027 cum

235 1055 355 1117 uirtute
377 1076 427 1117 res
454 1054 518 1116 sint
545 1051 797 1116 administratae.
841 1050 1029 1116 Ciceronem
1049 1073 1110 1135 pro
1135 1051 1203 1114 eius
1225 1048 1339 1113 merito
1362 1047 1405 1113 le-

205 1139 429 1223 4gionemque
450 1136 639 1221 conlaudat3
661 1138 861 1201 centuriones
885 1136 1072 1221 singillatim
1089 1134 1302 1219 tribunosque
1323 1132 1404 1197 mili·

234 1232 303 1287 tum
335 1222 495 1309 appellat,
536 1245 672 1307 quorum
710 1223 877 1307 egregiam
911 1221 1010 1286 fuisse
1038 1222 1191 1285 uirtutem
1221 1218 1403 1284 testimonio
1415 1221 1455 1279 10

235 1307 398 1373 Ciceronis
431 1317 636 1393 cognouerat.
683 1308 736 1371 De
767 1329 844 1371 casu
872 1306 987 1371 Sabim
1017 1316 1049 1370 et
1075 1305 1189 1370 Cottae
1216 1305 1332 1369 certius
1363 1326 1405 1367 ex

204 1393 371 1479 beaptiuis
402 1394 577 1478 cognoscit.
620 1392 753 1457 Postero
785 1391 837 1456 die
864 1393 1013 1456 contione
1042 1390 1155 1455 habita
1180 1412 1249 1454 rem
1279 1397 1404 1473 gestam

204 1479 394 1563 6proponit,
425 1478 544 1543 milites
572 1477 756 1543 consolatur
783 1487 814 1541 et
846 1476 1031 1542 confirmat:
1059 1475 1147 1561 quod
1179 1474 1403 1539 detrimentum

233 1562 331 1648 culpa
353 1572 385 1627 et
415 1565 596 1627 temeritate
624 1562 724 1647 legati
751 1563 792 1626 sit
818 1570 1002 1647 acceptum,
1028 1562 1091 1626 hoo
1116 1562 1268 1645 aequiore
1295 1559 1402 1623 animo

233 1647 405 1711 fenmdum
424 1648 527 1731 docet,
550 1646 644 1733 quod,
666 1646 823 1713 beneficio
843 1646 977 1711 deorum
993 1644 1226 1711 immortalium
1241 1655 1272 1709 et
1286 1645 1404 1707 uirtute
1415 1646 1453 1703 15

234 1755 345 1796 eorum
376 1735 506 1819 expiato
537 1731 765 1814 incommodo,
801 1754 906 1818 neque
937 1732 1085 1797 hostibus
1119 1731 1244 1795 diutina
1273 1728 1402 1794 laetatio

232 1840 338 1903 neque
359 1820 371 1881 i
397 1820 439 1883 sis
462 1818 591 1903 longior
613 1817 706 1884 dolor
728 1817 935 1902 relinquatur.

206 1904 222 1967 1
318 1842 407 1967 Llll.
430 1904 564 1968 Interim
587 1902 631 1967 ad
654 1902 838 1968 Labienum
865 1925 924 1989 per
949 1902 1069 1967 Remos
1091 1900 1273 1966 incredibili
1295 1899 1403 1963 celeri·

233 1998 300 2053 tate
323 1988 362 2052 de
384 1989 521 2054 uictoria
543 1988 692 2053 Caesaris
714 1987 804 2051 fama
825 1988 997 2073 perfertur,
1024 1997 1072 2067 ut,
1099 2009 1172 2049 cum
1195 1984 1237 2049 ab
1259 1983 1403 2049 hibernis

233 2072 397 2138 Ciceronis
427 2073 519 2137 milia
554 2095 708 2158 passuum
743 2072 872 2137 abesset
910 2074 1037 2136 circiter
1071 2071 1152 2153 LX,
1187 2093 1290 2155 eoque
1328 2078 1403 2154 post

133 2183 140 2208 ν
232 2158 346 2223 horam
373 2182 492 2225 nonam
519 2156 730 2223 diei-Caesar
760 2159 975 2243 peruenisset,
1005 2166 1080 2221 ante
1108 2156 1248 2221 mediam
1274 2164 1402 2219 noctem

233 2242 275 2306 ad
297 2253 408 2329 portas
434 2254 612 2308 castrorum
635 2243 757 2309 clamor
779 2254 935 2324 oreretur,
958 2265 1021 2328 quo
1045 2242 1187 2307 clamore
1209 2239 1401 2326 significatio
1434 2241 1452 2299 5

202 2328 388 2393 tuictoriae
416 2329 657 2415 gratulatioque
686 2327 729 2392 ab
756 2329 866 2393 Remis
892 2326 1038 2393 Labieno
1069 2326 1169 2391 fieret.
1211 2326 1285 2389 Hac
1313 2325 1402 2389 fama

233 2413 276 2477 ad
306 2414 465 2479 Treueros
496 2413 621 2499 perlata
660 2412 918 2494 Indutiomarus,
957 2414 1013 2497 qui
1048 2421 1178 2498 postero
1211 2410 1264 2475 die
1296 2420 1403 2475 castra

232 2497 370 2562 Labieni
391 2521 583 2584 oppugnare
606 2498 800 2579 decreuerat,
821 2509 920 2564 noctu
941 2497 1088 2584 profugit
1104 2498 1281 2582 copiasque
1298 2495 1403 2561 omnis

202 2584 266 2648 3511
288 2582 450 2648 Treueros
472 2583 605 2649 reducit.
641 2583 762 2648 Caesar
784 2582 926 2648 Fabium
949 2604 1022 2645 cum
1045 2605 1104 2647 sua
1125 2582 1155 2647 le
1182 2584 1253 2647 ‘one
1270 2580 1404 2646 remittit

232 2668 266 2730 in
296 2666 445 2750 hiberna,
474 2670 544 2754 ipse
574 2690 647 2732 cum
671 2668 776 2733 tribus
803 2668 987 2754 legionibus
1015 2669 1136 2731 circum
1183 2667 1403 2732 amarobriam
1415 2668 1454 2725 10

231 2753 325 2816 trinis
347 2751 491 2818 hibernis
513 2754 656 2819 hiemare
678 2755 842 2818 constituit
864 2763 908 2835 et,
932 2752 1019 2838 quod
1040 2754 1123 2817 tanti
1144 2762 1250 2818 motus
1273 2751 1402 2817 Galliae

233 2839 420 2919 extiterant,
449 2847 552 2903 totam
577 2838 716 2903 hiemem
738 2840 750 2901 i
775 2862 809 2903 se
831 2838 874 2902 ad
897 2840 1074 2903 exercitum
1096 2859 1226 2901 manere
1253 2836 1402 2901 decreuit

201 2922 319 2986 4Nam
340 2922 394 2987 illo
417 2923 622 2989 incommodo
647 2924 687 2988 de
705 2862 816 2989 salini
836 2933 939 2989 morte
960 2923 1084 3009 perlato
1109 2945 1219 2987 omnes
1241 2922 1309 2986 fere
1324 2920 1401 2987 Cal·

232 3006 295 3071 liae
321 3008 466 3073 ciuitates
495 3007 534 3074 de
559 3007 645 3075 bello
677 3008 914 3090 consultabant,
943 3011 1073 3073 nuntios
1097 3006 1339 3092 legationesque
1369 3008 1402 3070 in

232 3278 257 3331 3.
275 3278 389 3346 relinqui
409 3299 427 3335 α
445 3295 488 3333 eos
505 3280 658 3350 reIInquiss
698 3280 781 3348 copiis
800 3300 824 3345 α,
843 3286 931 3346 onass
973 3280 999 3333 5.
1018 3280 1134 3349 legione
1151 3277 1279 3349 producta
1298 3298 1316 3331 α
1334 3277 1398 3333 Pro·

229 3362 310 3415 ducta
327 3362 468 3431 legiones
502 3364 527 3420 6.
545 3379 675 3433 quemque
694 3384 712 3416 α
730 3371 925 3433 quemquamst
959 3364 1091 3434 reliquum
1119 3384 1137 3415 α
1163 3364 1322 3431 relictumfl
1357 3363 1400 3417 his

231 3452 250 3513 β
266 3446 366 3501 hiisM
379 3448 414 3501 iis
422 3448 487 3502 AR¹
508 3450 533 3503 t.
552 3452 721 3517 quantacun
741 3469 766 3515 α,
784 3452 913 3518 quantas
931 3450 973 3503 10.
991 3450 1073 3504 fuisse
1089 3450 1221 3503 ulrtntem
1236 3468 1253 3500 α
1270 3448 1399 3502 uirtutem

1329 3544 1342 3575 0

230 3580 342 3649 fuisses
359 3582 400 3635 11.
420 3583 490 3636 cotto
508 3580 536 3635 B
554 3583 595 3638 14.
613 3584 718 3653 equiorc
735 3584 764 3638 B
781 3586 822 3639 15.
840 3584 981 3639 ferundum
1000 3584 1194 3652 arerendums
1210 3584 1360 3654 beneficitri)
1373 3584 1401 3638 A

233 3714 361 3769 benefitiis
383 3716 410 3770 U
442 3718 483 3775 16.
503 3718 615 3799 laetatio
633 3718 732 3789 (lquacIo
749 3719 787 3774 M
799 3670 892 3774 litabis
908 3721 946 3789 B)
967 3740 984 3773 α
1001 3720 1093 3776 leticia
1110 3729 1136 3790 β.

299 3820 371 3872 LIII.
387 3817 412 3875 3.
423 3818 498 3873 milia
514 3835 641 3887 passuum
655 3822 756 3876 abess&
773 3804 860 3893 (abbir
881 3822 929 3891 M)
948 3823 1054 3878 circIter
1069 3840 1129 3877 mx·
1144 3829 1213 3891 (trin
1231 3822 1268 3888 B)
1288 3844 1306 3875 α
1323 3823 1399 3877 milia

228 3906 292 3968 pas‘s
308 3914 321 3941 ··
335 3918 383 3955 xn·
415 3898 499 3959 aaut
525 3910 544 3971 β
602 3906 628 3959 5.
652 3908 771 3961 oreretur
797 3926 814 3959 α
841 3907 984 3975 oriretnrss
1050 3909 1075 3963 6.
1098 3908 1211 3963 uictorIc
1230 3909 1258 3962 A
1308 3906 1348 3963 Ac
1370 3906 1399 3961 B

651 4002 663 4031 8

229 4037 252 4091 t.
271 4035 468 4093 induciomarus
485 4039 512 4093 A
546 4042 571 4096 8.
589 4042 676 4095 omnis
693 4042 722 4096 B
738 4058 829 4097 omnes
847 4043 883 4097 A‘
926 4044 951 4095 9.
969 4058 1017 4095 sna
1034 4043 1141 4111 legione
1158 4044 1278 4098 remIttit
1295 4044 1398 4113 (remit-

229 4122 272 4174 tat
289 4120 337 4187 M)
355 4123 382 4175 in
401 4122 512 4178 hiberna
530 4144 548 4176 α
566 4125 669 4193 legions
686 4126 714 4180 in
732 4143 780 4181 sua
798 4126 917 4182 remittit
934 4128 1047 4182 hiberna
1064 4128 1164 4199 (hybna
1186 4131 1223 4193 T)
1241 4135 1259 4198 β
1294 4130 1335 4184 10.
1354 4145 1396 4182 ss·

228 4205 389 4260 marobrinm
407 4207 455 4261 αΤ
467 4210 674 4264 samarobriuam
692 4210 733 4266 R'
750 4211 959 4267 samarobriuma
980 4212 1008 4267 U
1062 4215 1102 4268 11.
1123 4217 1151 4267 ct
1170 4234 1197 4283 a,
1214 4222 1301 4284 emp
1355 4216 1399 4269 14.

229 4290 350 4344 ciuitatis
368 4291 404 4344 A‘
423 4294 548 4349 ciuItates
565 4300 622 4350 eeu.

1633 479 1638 566 l
