3300 5067
269 359 330 458 rae
816 368 881 426 vn

240 529 257 591 1
352 529 481 594 LXVI.
502 530 642 612 Interea,
674 531 751 594 dum
777 531 857 596 haec
887 541 1054 616 gerrmtur,
1084 531 1225 595 hostium
1252 532 1365 616 copiae
1396 555 1438 596 ex

267 615 423 680 Aruernis
442 617 637 700 equitesque,
656 617 711 700 qui
728 617 788 680 toti
806 615 935 680 Galliae
950 626 1041 681 erant
1058 617 1217 702 imperati,
1234 618 1436 680 conueniunt.

240 700 389 784 2Magno
412 699 527 764 horum
557 709 668 764 coacto
694 723 846 783 numero,
878 723 951 765 cum
975 701 1095 766 Caesar
1121 701 1155 764 in
1181 701 1350 786 Sequanos
1378 724 1436 785 per

257 796 429 850 extremos
446 785 630 868 Lingonum
651 783 732 848 fines
757 786 818 850 iter
844 785 978 868 faceret,
1013 808 1076 871 quo
1103 784 1230 850 facilius
1256 785 1436 850 subsidium

266 870 455 955 prouinciae
480 869 557 932 ferri
574 879 691 954 posset,
714 871 841 934 circiter
866 870 957 934 milia
981 891 1136 956 passuum
1153 870 1188 933 X
1214 870 1256 934 ab
1279 871 1435 935 Romanis
1465 872 1484 931 5

238 953 357 1018 3trinis
376 955 488 1018 castris
503 955 753 1039 Vercingetorix
771 955 917 1019 consedit
935 956 1185 1040 conuocatisque
1203 955 1246 1019 ad
1264 953 1434 1019 concilium

266 1039 437 1139 praefectis
455 1041 599 1124 equitum
621 1041 747 1104 uenisse
768 1049 895 1125 tempus
909 1042 1068 1104 uictoriae
1090 1039 1300 1104 demonstrat:
1322 1040 1434 1124 fugere

235 1120 301 1188 4m
317 1124 519 1208 prouinciam
536 1123 701 1188 Romanos
724 1123 898 1210 Galliaque
925 1124 1089 1190 excedere.
1130 1124 1172 1188 Id
1193 1124 1256 1189 sibi
1278 1124 1321 1189 ad
1343 1147 1434 1209 prae

268 1218 389 1273 sentem
413 1208 620 1294 optinendam
647 1208 829 1274 libertatem
857 1212 935 1274 satis
961 1232 1048 1293 esse3
1075 1209 1117 1274 ad
1143 1209 1258 1295 reliqui
1279 1211 1434 1294 temporis

265 1316 379 1379 pacem
403 1303 499 1378 atque
522 1294 621 1357 otium
639 1316 756 1378 parum
778 1293 908 1379 profici:
945 1293 1123 1358 maioribus
1145 1295 1231 1358 enim
1248 1295 1367 1358 coactis
1382 1315 1433 1358 co·
1444 1297 1483 1355 10

265 1379 329 1478 piis
338 1400 524 1442 reuersuros
537 1400 641 1463 neque
654 1378 751 1443 finem
765 1378 910 1443 bellandi
924 1379 1075 1443 faetrrros.
1101 1379 1241 1443 Proinde
1254 1382 1290 1444 ia
1303 1379 1433 1464 agmine

236 1457 426 1548 {impeditos
455 1462 664 1526 adorirentur.
717 1463 753 1528 Si
779 1464 903 1548 pedites
931 1466 996 1528 suis
1023 1462 1182 1527 auxilium
1207 1464 1313 1528 ferant
1335 1474 1433 1549 atquc

265 1549 300 1611 in
317 1570 354 1612 eo
380 1555 556 1628 morentur,
583 1549 644 1612 iter
665 1548 772 1612 facere
793 1571 861 1613 non
881 1572 993 1634 posse3
1015 1550 1052 1630 si,
1073 1547 1108 1611 id
1134 1548 1224 1634 quod
1251 1548 1358 1632 magis
1384 1548 1432 1611 fu-

265 1641 372 1695 turum
399 1631 554 1713 confidat,
576 1631 695 1696 relictis
721 1633 948 1718 inpedimentis
975 1656 1053 1697 suae
1077 1632 1173 1697 saluti
1196 1631 1374 1711 consulant,
1400 1641 1433 1696 et

237 1712 327 1780 (iusu
347 1739 454 1780 rerum
473 1719 726 1781 necessariarum
749 1727 780 1782 et
808 1718 968 1804 dignitate
992 1717 1167 1803 spoliatum
1192 1720 1241 1782 iri.
1283 1718 1370 1782 Nam
1392 1717 1433 1780 de
1443 1720 1481 1779 15
1516 1757 1519 1759 Δ

266 1799 427 1886 equitibus
454 1801 602 1883 hostium,
633 1803 710 1888 quin
736 1825 829 1867 nemo
866 1825 977 1868 eorum
1003 1803 1157 1888 progredi
1196 1802 1293 1867 modo
1336 1812 1429 1866 extra

266 1907 385 1971 agmen
401 1885 528 1967 audeat,
553 1887 605 1970 [et]
626 1887 715 1972 ipsos
734 1887 866 1971 quidem
886 1911 952 1953 non
975 1887 1092 1952 debere
1111 1887 1267 1952 dubitare.
1310 1886 1351 1950 Id
1365 1907 1429 1971 quo

265 1971 386 2034 maiore
409 1970 530 2034 faciant
556 1973 677 2054 animo,
699 1974 809 2057 copias
833 1996 867 2036 se
889 1995 999 2037 omnes
1021 1995 1080 2058 pro
1108 1973 1222 2037 castris
1244 1971 1431 2036 habiturum

238 2050 297 2120 let
323 2056 438 2119 terrori
461 2055 608 2120 hostibus
635 2055 786 2120 futmum.
831 2056 1044 2122 Conclamant
1066 2059 1201 2143 equites:
1229 2057 1429 2121 sanctissimo

264 2141 334 2203 iure
359 2139 495 2204 iurando
523 2140 705 2206 confirmari
733 2151 895 2226 oportere,
924 2165 966 2207 ne
992 2153 1076 2207 tecto
1103 2144 1290 2228 recipiatur,
1320 2163 1361 2204 ne
1389 2139 1431 2204 ad
1440 2147 1481 2204 20

265 2222 392 2303 liberos,
414 2247 454 2288 ne
473 2225 516 2288 ad
533 2235 690 2310 parentes,
713 2227 756 2290 ad
777 2249 914 2292 uxorem
932 2227 1056 2292 aditum
1073 2228 1203 2309 habeat,
1226 2229 1280 2312 qui
1297 2249 1362 2291 non
1379 2225 1431 2290 bis

264 2332 323 2394 per
341 2331 459 2394 agmen
476 2309 618 2375 hostium
635 2312 876 2396 perequitasset

237 2389 254 2452 1
349 2394 486 2458 LXVII.
516 2395 660 2459 Probata
685 2418 720 2459 re
748 2406 845 2481 atque
872 2397 1022 2461 omnibus
1050 2396 1275 2461 iureiurando
1299 2396 1431 2477 adactis,

264 2488 393 2624 postero
418 2478 469 2542 die
491 2480 524 2542 in
545 2489 609 2544 tres
630 2489 739 2565 partes
763 2480 933 2546 distributo
956 2483 1101 2567 equitatu
1118 2482 1202 2546 duae
1224 2503 1258 2546 se
1281 2483 1366 2545 acies
1388 2479 1429 2544 ab

165 2635 168 2640 Ι
288 2561 393 2627 uobus
415 2562 570 2627 lateribus
593 2565 774 2647 ostendunt,
796 2589 862 2629 una
885 2590 905 2629 a
925 2568 1030 2652 primo
1054 2568 1183 2652 agmine
1204 2568 1265 2630 iter
1285 2564 1430 2650 inpedire

235 2642 379 2732 2coepit.
412 2647 486 2728 Qua
503 2670 538 2711 re
556 2650 702 2712 nuntiata
720 2649 842 2714 Caesar
860 2674 953 2714 suum
972 2674 1101 2737 quoque
1123 2653 1300 2737 equitatum
1318 2652 1359 2713 tri
1383 2671 1430 2712 er-

265 2733 322 2795 tito
346 2732 485 2796 diuisum
508 2743 621 2797 contra
643 2733 768 2798 hostem
790 2737 837 2799 ire
859 2735 956 2799 iubet
998 2737 1168 2821 Pugnatur
1193 2759 1259 2799 una
1281 2672 1430 2800 ommlrus
1462 2735 1480 2794 5

333 2883 429 2938 LXVI.
465 2886 488 2938 1.
507 2883 543 2938 du
560 2885 586 2939 A
620 2886 646 2942 2.
664 2887 716 2940 toti
733 2887 835 2955 galliae
852 2887 944 2956 (gallie
962 2886 1010 2956 M)
1029 2908 1047 2944 α
1070 2890 1130 2942 tota
1147 2888 1271 2959 galliass
1303 2885 1327 2940 3.
1346 2885 1374 2939 in
1391 2901 1432 2938 se·

267 3033 367 3086 quanos
386 3039 413 3081 α,
431 3033 481 3074 om.
499 3024 519 3091 β
552 3021 577 3074 4.
594 3021 734 3089 lingonum
751 3021 875 3077 ABccrr.
894 2985 1028 3091 lingondm
1047 3023 1086 3078 M
1098 3023 1229 3092 lignorum
1248 3022 1287 3076 Β
1304 3023 1433 3090 linguom'r

268 3102 332 3158 TU*
348 3103 486 3172 linguonas
508 3104 536 3159 U
565 3105 590 3160 5.
608 3107 792 3173 pronintiaeA
844 3107 907 3162 ferri
925 3128 943 3159 α
960 3112 1066 3191 ferress
1107 3110 1131 3166 6.
1148 3108 1300 3162 conuocatis
1317 3108 1387 3176 quae
1405 3105 1433 3160 Β

266 3239 290 3293 8.
308 3239 422 3310 galliani
439 3255 489 3309 que
506 3239 535 3294 B
560 3243 682 3311 prasente
699 3241 734 3295 A¹
757 3243 781 3297 9.
800 3241 944 3311 optinenda
960 3242 987 3297 A
1004 3243 1174 3298 obtinendam
1192 3243 1220 3296 Β
1238 3246 1278 3299 11.
1297 3204 1433 3298 fdturosA

266 3373 307 3442 in]
325 3374 389 3428 add.
405 3337 520 3430 Dilbaer
548 3377 589 3433 12.
606 3338 750 3445 impediths
767 3377 796 3431 Β
816 3377 984 3432 adorirentur
1000 3379 1047 3450 Αβ
1062 3378 1293 3434 sdorientnrMB‘
1311 3378 1432 3434 adorian-

266 3604 328 3673 atq;
345 3604 374 3659 Β
409 3606 449 3664 13.
467 3609 526 3664 itar
542 3609 571 3664 B
587 3611 659 3666 inter
676 3613 703 3666 A
736 3615 821 3669 facere
841 3634 859 3666 α
885 3615 1015 3685 οουίὶοίβ
1056 3617 1096 3671 la
1115 3616 1230 3670 confidat
1249 3636 1267 3672 α
1284 3616 1434 3671 confidebat

266 3693 287 3760 β
311 3688 499 3758 inpedimentis
516 3694 551 3748 A‘
572 3695 772 3766 impedimentis
789 3697 818 3752 B
844 3700 1070 3754 neeessariam
1088 3700 1124 3754 Β
1159 3702 1199 3755 16.
1209 3701 1286 3756 modo
1304 3721 1330 3765 α,
1348 3717 1399 3755 om.
1416 3706 1437 3773 β

269 3773 309 3828 17.
320 3776 348 3827 et
366 3775 437 3842 ipsos
454 3777 560 3846 quidem
578 3796 629 3834 non
639 3801 658 3837 α
674 3797 707 3836 ne
725 3783 795 3851 ipsos
813 3782 920 3852 quidem
936 3788 957 3853 β
973 3784 1011 3853 et]
1028 3784 1077 3838 det.
1093 3785 1193 3840 Whitte
1226 3802 1277 3854 qno
1293 3791 1315 3858 β
1329 3786 1398 3855 qnod
1417 3806 1435 3842 α

269 3859 309 3912 19.
326 3857 448 3915 hostibus
475 3864 596 3919 futurum
615 3886 634 3922 α
650 3866 741 3923 hostili
758 3872 775 3919 r'r
795 3867 959 3938 defutursrss
982 3868 1176 3942 conclamante}
1194 3869 1223 3924 Β
1272 3872 1315 3927 20.
1332 3871 1435 3932 iure}-

180 3987 182 3992 .
268 3943 389 4013 intrando
405 3945 434 4000 B
468 3949 509 4002 21.
529 3965 635 4004 uxorem
653 3971 671 4007 α
689 3957 817 4024 uxores?
849 3952 891 4006 bis
909 3951 954 4015 Β,
971 3968 1021 4007 om.
1039 3955 1095 4023 21¹st
1136 3957 1177 4010 22.
1196 3957 1434 4026 perequitasseta

268 4029 443 4098 perequitant
460 4037 486 4104 β.

340 4131 450 4186 LXVII.
486 4137 509 4188 l.
527 4135 584 4188 iure
602 4136 713 4193 iurando
731 4159 750 4194 α
777 4138 810 4191 ad
828 4139 1021 4208 iusiurandufl
1072 4143 1098 4196 2.
1115 4074 1253 4197 abdimus
1269 4142 1298 4197 B
1334 4145 1358 4198 3.
1375 4158 1392 4197 a
1408 4148 1434 4214 β,

269 4282 318 4322 oa.
331 4267 657 4339 aispedirsn¹impedire
674 4273 703 4328 Β
728 4273 752 4328 a
772 4273 893 4342 omnibus
911 4274 939 4327 a
958 4277 1018 4332 ate
1033 4276 1062 4330 in
1074 4278 1173 4342 omna
1193 4241 1360 4348 (comitam
1376 4278 1438 4352 rus

1639 894 1646 952 t
