3300 5067
235 356 277 423 88
808 362 878 421 IIII

204 528 379 613 3tempore
402 528 582 593 intermisso
604 528 638 591 in
660 538 767 593 castra
786 527 932 611 legiones
953 527 1091 593 reduxit.
1134 527 1225 591 Dum
1246 527 1328 592 haec
1349 550 1406 613 ge-

233 622 359 694 runtur,
389 614 506 679 nostris
529 612 679 679 omnibus
703 614 882 698 occupatis,
914 614 969 697 qui
994 622 1088 677 erant
1113 612 1147 675 in
1170 614 1258 697 agris
1279 612 1403 698 reliqui,

203 696 455 763 Adiecesserunt.
482 698 617 764 Secutae
635 708 709 762 sunt
727 699 894 763 continuos
912 696 1083 783 conplures
1102 695 1169 761 dies
1186 707 1404 783 tempestates,

235 805 318 868 quae
340 793 371 848 et
392 794 519 849 nostros
541 784 575 847 in
596 786 711 847 castris
734 784 932 848 continerent
953 793 985 847 et
1006 781 1132 848 bostem
1154 805 1174 846 a
1195 806 1309 868 pugna
1329 806 1403 869 pro-

204 865 388 933 bhiberent.
432 869 565 933 Interim
586 867 722 933 barbari
743 870 873 933 nuntios
895 870 929 932 in
952 890 1062 933 omnes
1083 877 1193 953 partes
1216 868 1404 933 dimiserrmt
1415 873 1453 932 10

233 954 494 1039 paucitatemque
506 963 690 1019 nostrorum
703 953 842 1018 militum
856 955 922 1017 suis
935 953 1206 1039 praedicanerunt
1224 963 1263 1035 et,
1282 963 1404 1038 quanta

257 1038 374 1103 raedae
400 1038 568 1103 faciendae
596 1048 693 1124 atque
723 1041 756 1103 in
782 1048 974 1125 perpetuum
999 1040 1050 1102 sui
1076 1038 1235 1103 liberandi
1264 1038 1403 1103 facultas

233 1061 373 1205 daretis,
396 1126 423 1187 si
444 1124 609 1189 Romanos
632 1126 745 1189 castris
767 1123 976 1209 expulissent,
998 1122 1307 1189 demonstraucrunt
1341 1124 1403 1188 His

233 1207 330 1273 rebus
349 1208 491 1275 celeriter
509 1231 630 1294 magna
648 1209 851 1274 multitudine
867 1208 1030 1295 peditatus
1049 1210 1275 1295 equitatusque
1290 1218 1404 1274 coacta

235 1293 278 1357 ad
300 1304 407 1359 castra
427 1304 592 1359 uenenmt.
1414 1297 1452 1355 15

205 1376 222 1439 1
318 1378 461 1444 XXXV.
504 1378 625 1444 Caesar
647 1381 705 1444 etsi
727 1379 832 1460 idem,
859 1378 947 1465 quod
968 1378 1191 1464 superioribus
1213 1378 1327 1444 diebus
1351 1402 1403 1443 ac-

234 1464 366 1546 ciderat,
389 1464 459 1529 fore
481 1464 623 1547 uidebat,
645 1476 689 1547 ut,
712 1468 740 1529 si
763 1473 869 1529 essent
889 1464 997 1529 hostes
1019 1464 1114 1549 pulsi,
1135 1463 1298 1529 celeritate
1318 1466 1403 1550 peri-

234 1547 342 1613 culum
365 1549 430 1613 effu
454 1559 557 1632 erent,
589 1560 697 1615 tamen
722 1559 858 1615 nanctus
886 1552 1009 1634 equites
1036 1550 1164 1614 circiter
1185 1548 1298 1632 XXX,
1321 1572 1402 1635 quos

235 1632 401 1699 Commius
424 1572 578 1717 dtrebas,
610 1635 650 1700 de
673 1658 735 1721 quo
760 1646 833 1700 ante
860 1635 982 1699 dictum
1009 1644 1073 1716 est,
1101 1657 1209 1699 secum
1239 1645 1402 1719 transpor-

203 1715 368 1802 2tauerat,
390 1719 532 1805 legiones
554 1721 589 1784 in
607 1722 675 1785 acie
692 1744 752 1807 pro
772 1722 886 1785 castris
904 1721 1078 1785 constituit.
1111 1719 1292 1785 Commisso
1309 1724 1431 1805 prce-5

233 1803 276 1868 lio
309 1802 430 1869 diutius
459 1815 644 1871 nostrorum
671 1805 809 1871 militum
835 1807 994 1891 impetum
1020 1805 1127 1871 hostes
1154 1805 1238 1870 ferre
1258 1828 1325 1870 non
1345 1829 1403 1892 po·

204 1885 363 1954 3tuerunt
385 1912 424 1955 ac
445 1900 539 1975 terga
560 1900 731 1955 uerterunt.
764 1891 855 1973 Quos
877 1900 966 1957 tanto
985 1892 1090 1976 spatio
1115 1892 1224 1972 secuti,
1247 1900 1403 1977 quantum

234 1996 331 2039 cursu
353 1985 384 2041 et
405 1976 531 2041 uiribus
555 1976 680 2042 efficere
697 1985 880 2063 potuerunt,
903 1975 1073 2061 conplures
1091 1999 1133 2040 ex
1151 1978 1190 2040 iis
1209 1975 1403 2058 occiderunt,

235 2059 350 2125 deinde
377 2061 527 2127 omnibus
554 2061 651 2146 longe
681 2060 809 2147 lateque
836 2060 993 2127 aedificiis
1014 2063 1152 2126 incensis
1178 2084 1212 2126 se
1238 2062 1272 2126 in
1295 2071 1404 2127 castra

233 2166 305 2209 rece
330 2156 430 2210 erunt.
1415 2148 1452 2206 10

205 2226 222 2290 1
305 2168 477 2297 PXXXVI.
498 2231 623 2297 Eodem
647 2232 698 2296 die
715 2231 814 2317 legati
832 2231 874 2297 ab
893 2231 1041 2297 hostibus
1058 2232 1149 2296 missi
1168 2231 1210 2295 ad
1229 2230 1402 2297 Caesarem

204 2313 273 2379 2de
293 2338 376 2401 pace
397 2326 560 2381 uenerunt.
603 2317 664 2381 His
688 2316 809 2383 Caesar
829 2339 1000 2382 numerum
1023 2317 1187 2398 obsidum,
1210 2339 1306 2402 quem
1329 2325 1401 2380 ante

233 2401 467 2486 imperauerat,
498 2401 679 2488 duplicauit
707 2425 827 2487 eosque
853 2404 886 2467 in
913 2404 1126 2467 continentem
1154 2402 1274 2466 adduci
1299 2402 1401 2482 iussit,

234 2485 321 2570 qnod
342 2489 527 2572 propinqua
553 2487 605 2552 die
632 2488 827 2573 aequinoctii
856 2486 992 2552 infirmis
1018 2487 1157 2552 nauibus
1183 2487 1283 2551 hiemi
1310 2488 1405 2551 naui-¹

203 2568 398 2654 3gationem
421 2571 643 2637 subiciendam
665 2596 731 2638 non
752 2573 969 2638 existimabat.
1012 2573 1088 2659 Ipse
1109 2572 1259 2637 idoneam
1280 2571 1427 2655 tempe-5

203 2653 347 2721 4statem
369 2666 504 2722 nanctus
525 2658 622 2743 paulo
645 2668 720 2743 post
741 2658 882 2723 mediam
904 2668 1031 2724 noctem
1053 2680 1152 2723 naues
1175 2656 1284 2738 soluit3
1316 2677 1399 2741 quae

234 2762 342 2805 omnes
365 2741 540 2807 incolumes
564 2742 606 2807 ad
627 2744 841 2808 continentem
862 2753 1092 2830 peruenerunt,
1122 2742 1180 2807 sed
1201 2742 1303 2806 exiis
1326 2763 1400 2805 one·

231 2825 339 2890 rariae
361 2825 444 2892 duae
465 2827 604 2910 eosdem,
628 2850 707 2913 quos
729 2828 855 2914 reliqui,
876 2839 990 2915 portus
1012 2850 1128 2915 capere
1144 2850 1209 2892 non
1226 2834 1400 2911 potuerunt

235 2920 265 2973 et
287 2910 385 2997 paulo
409 2913 493 2977 infra
515 2912 641 2977 delatae
664 2921 745 2977 sunt.

205 3001 223 3065 1
319 2996 494 3062 XXXVII.
518 2997 644 3079 Quibus
668 3021 710 3063 ex
731 2998 873 3063 nauibus
896 3023 970 3065 cum
992 3008 1096 3064 essent
1118 2997 1259 3083 expositi
1281 2995 1399 3060 milites

233 3080 359 3145 circiter
388 3085 521 3148 trecenti
551 3092 647 3169 atque
677 3084 712 3146 in
741 3094 848 3149 castra
879 3085 1123 3166 contenderent,
1153 3083 1290 3163 Morini,
1320 3104 1400 3167 quos

232 3252 434 3263 ----...—.....

232 3401 257 3455 7.
280 3402 336 3472 qui]
358 3403 449 3458 hostes
472 3405 517 3474 qui
541 3404 650 3460 Arnotcl
670 3403 739 3474 Hae
790 3407 815 3461 8.
838 3367 963 3460 discdrbd
985 3405 1013 3459 B
1065 3405 1205 3472 conplures
1227 3402 1285 3458 dies
1310 3423 1328 3459 α
1345 3402 1401 3458 dies

232 3486 377 3555 complures
394 3495 413 3557 β
447 3490 487 3543 11.
505 3490 670 3555 paucitatem
690 3506 741 3560 quq
761 3489 801 3543 B1
836 3490 1013 3560 pdicauerunt
1029 3490 1065 3543 A¹
1100 3490 1140 3543 12.
1158 3489 1209 3557 pde
1226 3488 1261 3541 A¹
1297 3488 1337 3543 13.
1356 3485 1401 3541 de-

232 3575 448 3627 monstrauerunt
465 3574 519 3643 Ait
537 3574 787 3631 demonstrauerant
805 3575 842 3630 B'
879 3576 920 3630 14.
939 3575 1078 3630 caeleriter
1094 3574 1121 3628 A
1154 3574 1301 3628 multitudo
1318 3575 1362 3630 A'.

299 3656 407 3713 XXXV.
425 3659 451 3717 2.
468 3663 500 3714 ut
517 3660 539 3714 si
558 3668 576 3729 β
593 3663 621 3715 et
639 3660 661 3713 si
680 3680 698 3716 α
750 3660 906 3715 caeleritate
923 3660 950 3713 A
1002 3661 1027 3714 3.
1045 3662 1160 3713 nanctus
1180 3659 1208 3714 B
1230 3662 1325 3714 nectus
1342 3664 1402 3714 cett.

230 3792 256 3846 4.
274 3792 385 3847 adrebss
402 3794 429 3849 A
480 3796 504 3850 ὁ.
523 3796 642 3865 legiones
659 3796 778 3863 legiones
797 3796 835 3849 A¹
887 3796 945 3867 acie
963 3795 992 3850 B
1042 3756 1097 3865 filio
1115 3795 1142 3849 A
1191 3797 1215 3851 7.
1233 3798 1366 3865 quantum
1384 3816 1402 3851 α

231 3879 368 3948 quantos
403 3880 426 3934 8.
445 3880 479 3934 iis
498 3899 516 3935 α
533 3879 612 3948 hiet
646 3881 673 3935 9.
695 3879 806 3935 edificiis
823 3880 850 3933 A
886 3897 914 3935 se
932 3882 961 3935 in
979 3881 1149 3937 castrecin
1168 3883 1302 3935 castrare
1321 3887 1345 3949 β.

300 3962 423 4018 XXXVI.
443 3965 470 4021 2.
488 3967 551 4019 ante
571 3983 589 4020 α
606 3966 724 4033 enteass
775 3964 800 4019 4.
822 3965 966 4034 equinoctii
984 3966 1021 4021 A‘
1084 3965 1166 4020 hiemi
1185 3966 1251 4021 A¹U
1271 3966 1361 4036 hyemi
1381 3965 1408 4019 Τ

232 4059 361 4155 hremi'B
377 4100 473 4155 hiemis
492 4100 520 4155 R
562 4100 587 4155 5.
605 4100 760 4155 subicienda
777 4100 805 4154 Β
854 4103 879 4156 6.
895 4104 1009 4156 nanctus
1026 4101 1055 4157 B
1071 4106 1172 4158 nantus
1188 4102 1215 4156 A
1232 4105 1327 4157 nectus
1345 4108 1402 4157 cett.

233 4182 427 4254 teduine
475 4184 527 4240 Sed
545 4184 694 4254 (S;M)e,
713 4193 800 4254 orep
842 4185 1011 4255 iisabisss
1052 4188 1077 4243 8.
1095 4187 1153 4243 dua
1171 4189 1276 4242 eosdem
1294 4187 1403 4243 duosA

232 4282 297 4337 quos
314 4268 411 4339 reliqui
427 4271 519 4340 portus
538 4290 557 4327 α
574 4272 665 4340 portus
683 4286 735 4341 quo
752 4271 827 4340 reliq.
845 4272 956 4343 (relique
979 4271 1013 4336 U)
1031 4280 1057 4340 β.
