3300 5067
799 416 830 475 V
1367 407 1411 473 95

243 587 340 665 atque
361 576 573 662 interficiunt,
596 589 629 643 at
649 580 773 665 equites
791 578 900 645 Aedui
918 578 961 645 ad
978 578 1150 645 Caesarem
1173 600 1283 644 omues
1305 600 1410 650 reuer-

326 748 419 813 VIII.
441 748 502 813 His
525 747 622 813 rebus
641 750 749 833 gestis,
774 748 920 815 Labieno
947 751 982 813 in
1004 750 1184 813 continente
1210 768 1284 812 cum
1306 746 1437 813 tribusl

241 834 426 919 legionibus
445 843 476 898 et
490 836 634 919 equitum
652 833 782 899 milibus
799 833 926 899 duobus
943 834 1065 916 relicto,
1086 843 1123 897 ut
1164 843 1253 899 ortus
1268 843 1410 898 tueretur

242 928 273 984 et
294 942 330 983 re
356 918 584 985 frumentariae
608 919 807 1005 prouideret,
841 941 989 1005 quaeque
1019 920 1054 983 in
1075 918 1107 983 Gr
1153 920 1185 983 ia
1216 928 1410 1005 gererentur,

242 1014 451 1090 cognosceret
473 1004 706 1090 consiliumque
726 1028 786 1091 pro
808 1013 956 1090 tempore
975 1013 1009 1069 et
1029 1026 1088 1091 pro
1110 1027 1146 1068 re
1167 1013 1309 1090 caperet,
1339 1001 1438 1090 ipse2

213 1093 316 1154 boum
339 1090 480 1175 quinque
501 1088 684 1175 legionibus
707 1099 739 1154 et
755 1091 829 1176 pari
845 1112 979 1155 numero
997 1090 1151 1175 equitum,
1174 1111 1270 1175 quem
1284 1090 1319 1153 in
1336 1110 1409 1155 con-

241 1176 354 1239 tinenti
374 1173 556 1260 reliquerat,
579 1173 622 1238 ad
644 1173 720 1240 solis
743 1196 895 1240 occasum
915 1197 1015 1239 naues
1038 1174 1135 1240 soluit
1156 1184 1188 1239 et
1208 1174 1274 1239 leni
1295 1173 1407 1240 Africo

241 1269 428 1347 prouectus,
449 1258 558 1325 media
580 1260 707 1325 circiter
728 1269 821 1325 nocte
847 1270 943 1325 uento
966 1260 1162 1342 intermisso,
1195 1281 1323 1324 cursum
1344 1283 1409 1325 non

241 1346 344 1411 tenuit
359 1354 390 1409 et
406 1344 535 1430 longius
554 1344 678 1409 delatus
697 1354 788 1410 aestu
806 1355 878 1411 orta
895 1344 968 1410 luce
986 1345 1046 1410 sub
1065 1346 1196 1410 sinistra
1206 1346 1409 1409 Britanniam

241 1431 389 1495 relictam
407 1452 484 1496 cons
511 1431 587 1495 exit.
618 1430 704 1495 Tum
721 1453 833 1495 rursus
852 1440 959 1496 aestus
978 1431 1263 1495 commutationem
1280 1429 1439 1495 secutus3

195 1519 233 1578 10
241 1517 338 1580 remis
361 1452 530 1599 contenslit,
552 1525 588 1579 ut
610 1538 682 1580 eam
703 1525 832 1602 partem
853 1515 979 1581 insulae
1003 1524 1140 1602 caperet,
1163 1537 1229 1601 qua
1250 1516 1410 1601 optimum

243 1624 312 1666 esse
335 1623 499 1687 egressum
522 1601 688 1687 superiore
710 1611 831 1667 aestate
853 1611 1057 1687 cognouerat.
1093 1598 1168 1681 Qua
1187 1602 1221 1663 in
1243 1622 1278 1665 re
1300 1600 1440 1665 admo-4

244 1686 321 1751 dum
343 1687 404 1751 fuit
425 1686 564 1750 militum
588 1688 692 1751 uirtus
718 1686 900 1768 laudanda,
930 1688 986 1772 qui
1012 1686 1163 1751 uectoriis
1190 1685 1411 1771 grauibusque

242 1772 383 1857 nauigiis
412 1793 478 1836 non
505 1772 686 1837 intermisso
717 1771 899 1857 remigandi
929 1772 1042 1837 labore
1077 1771 1247 1856 longarum
1277 1772 1411 1835 nauium

243 1879 372 1921 cursum
399 1856 481 1921 adae
505 1866 630 1921 uerunt.
678 1854 856 1922 Accessum
884 1865 934 1921 est
962 1856 1005 1922 ad
1029 1857 1233 1921 Britanniam
1260 1855 1441 1921 omnibust')

135 1984 137 1988 -
194 1944 232 2003 15
242 1941 382 2007 nauibus
404 1878 582 2007 meriliano
605 1942 671 2007 fere
692 1952 852 2029 tempore,
878 1964 984 2027 neque
1010 1943 1043 2006 in
1069 1964 1106 2007 eo
1134 1942 1207 2007 loco
1234 1940 1337 2007 hostis
1364 1951 1411 2005 est

242 2028 349 2111 uisus,
371 2026 435 2108 sed,
457 2037 493 2091 ut
510 2036 625 2113 postea
642 2026 763 2093 Caesar
780 2051 822 2093 ex
840 2029 978 2114 captiuis
996 2028 1158 2112 cognouit,
1180 2049 1255 2091 cum
1272 2026 1440 2111 magnaeo

241 2134 416 2178 manusco
440 2112 677 2195 conuenissent,
708 2112 912 2178 multitudine
933 2114 1066 2176 nauium
1092 2113 1295 2197 perterritae,
1327 2132 1410 2197 quae

243 2220 317 2263 cum
340 2199 500 2263 annotinis
521 2198 732 2284 priuatisque,
756 2219 836 2284 quas
863 2198 915 2262 sui
938 2198 1073 2283 quisque
1096 2195 1260 2262 commodi
1281 2196 1410 2276 fecerat,

244 2282 383 2367 amplius
403 2284 606 2367 octingentae
631 2306 695 2347 uno
718 2292 810 2347 erant
831 2283 922 2347 uisae
943 2293 1105 2368 tempore,
1132 2306 1153 2346 a
1173 2282 1266 2347 litore
1293 2280 1410 2346 dieces-

192 2372 351 2433 20serant
373 2391 412 2432 ac
430 2391 463 2433 se
485 2368 520 2431 in
541 2370 710 2453 superiora
730 2367 803 2433 loca
825 2366 1025 2433 abdiderant.

327 2453 438 2517 VIIII.
448 2452 570 2517 Caesar
584 2453 732 2539 exposito
749 2454 895 2517 exercitu
909 2462 940 2517 et
955 2452 1025 2517 loco
1042 2452 1156 2516 castris
1171 2451 1288 2517 idoneo
1305 2472 1345 2514 ca
1368 2450 1437 2531 to,l

244 2538 303 2603 ubi
323 2560 366 2603 ex
387 2539 526 2624 captiuis
544 2539 707 2623 cognouit,
730 2559 792 2624 quo
811 2540 845 2603 in
865 2538 937 2604 loco
956 2538 1098 2603 hostium
1117 2538 1231 2623 copiae
1248 2473 1409 2602 censebis-

125 2636 127 2639 '
244 2634 327 2706 sent,
349 2623 537 2689 cohortibus
559 2623 671 2689 decem
694 2622 736 2689 ad
757 2647 847 2689 mare
868 2623 989 2688 relictis
1012 2632 1044 2688 et
1065 2622 1230 2708 equitibus
1250 2623 1411 2697 trecentis,

245 2710 300 2795 qui
322 2708 485 2795 praesidio
508 2709 647 2774 nauibus
670 2719 791 2790 essent,
822 2708 863 2774 de
885 2711 979 2775 tertia
999 2708 1115 2793 uigilia
1137 2706 1179 2771 ad
1204 2708 1313 2772 hostes
1336 2728 1409 2772 con-

135 2872 140 2881 ι
215 2793 361 2876 ὂῐθηάἱῐ,
387 2816 425 2859 eo
453 2795 559 2859 minus
584 2796 707 2859 ueritus
733 2795 885 2877 nauibus,
917 2793 1005 2880 quod
1031 2795 1065 2857 in
1085 2792 1179 2858 litore
1201 2792 1291 2858 molli
1313 2801 1410 2940 atque

245 2889 355 2965 aperto
375 2879 534 2965 deligatas
557 2879 599 2945 ad
622 2902 775 2945 ancoram
797 2880 1009 2965 relinquebat,
1031 2889 1064 2943 et
1084 2877 1248 2964 praesidio
1271 2879 1349 2941 naui
1371 2900 1410 2940 us

246 2962 402 3045 Quintum
427 2966 558 3029 Atrium
608 2964 747 3029 raefecit.
790 2965 868 3065 Ipse
893 2975 992 3030 noctu
1013 2986 1204 3051 progressus
1227 2963 1317 3027 milia
1338 2960 1440 3047 pas-2

245 3073 338 3114 suum
357 3050 483 3115 circiter
499 3049 569 3113 XII
584 2988 728 3115 bostium
746 3074 858 3135 coplas
876 3052 1082 3135 conspicatus
1104 3059 1160 3114 est.
1194 3048 1250 3113 Illi
1267 3046 1440 3134 equitatu3

244 3218 286 3273 21.
297 3217 359 3289 edui
375 3216 414 3271 -Μ
427 3216 525 3272 haedui
542 3218 571 3272 B
588 3217 669 3271 hedui
686 3218 719 3271 A.
878 3224 885 3234 '
1041 3255 1045 3259 -

313 3305 385 3357 VIII.
422 3303 445 3356 1.
464 3302 617 3357 continente
637 3322 655 3358 α
677 3303 864 3374 continentis
913 3304 938 3358 3.
957 3320 984 3358 re
1011 3303 1202 3357 frumentariae
1221 3300 1368 3357 Schneider
1384 3316 1411 3354 re

244 3386 420 3442 frumentaria
437 3384 503 3441 A¹B
520 3388 547 3440 re
575 3386 750 3442 frumentaria
768 3386 796 3441 R
822 3388 861 3441 rei
879 3386 1053 3459 frumentario
1078 3392 1100 3459 β
1140 3390 1296 3457 gererentur
1313 3405 1332 3441 α
1366 3383 1412 3438 fie-

244 3474 344 3544 rentss
393 3471 583 3541 6.1e1iquerat
602 3470 844 3543 arelinquebatss
881 3472 915 3527 ad
943 3473 1007 3527 solis
1024 3487 1143 3527 occasum
1161 3491 1179 3527 α
1205 3472 1269 3526 solis
1285 3474 1415 3540 oecasuss

244 3556 284 3626 et]
303 3560 332 3611 at
350 3556 424 3611 Paul
476 3557 501 3612 8.
520 3556 628 3611 deletus
645 3566 731 3613 aestu.
748 3560 807 3612 orta
826 3578 844 3613 α
867 3557 973 3612 delatus
990 3561 1041 3615 est.
1059 3556 1163 3627 Ortass
1212 3556 1368 3611 brittaniam
1386 3555 1413 3607 A

246 3641 390 3697 britaniam
408 3641 438 3702 B
471 3644 495 3703 9.
514 3644 642 3711 sequutus
661 3642 687 3695 A
731 3642 771 3697 14.
790 3642 974 3713 adaequarunt
991 3641 1213 3713 (adequamutA¹)
1230 3662 1251 3697 α
1266 3642 1413 3710 adequans·

243 3727 335 3799 rintft
376 3728 506 3806 brittania
523 3716 714 3783 A'britaniam
732 3727 761 3783 B
804 3729 843 3783 16.
863 3728 989 3797 cognouit
1007 3748 1026 3785 α
1043 3716 1208 3799 comperitss
1262 3741 1361 3793 magna
1377 3724 1412 3778 A‘

244 3823 499 3933 17.mu1tuuu¹z{¹⁰13
532 3880 583 3933 que
601 3864 629 3918 B
664 3865 706 3919 18.
716 3866 828 3934 quisque
846 3863 974 3918 commodi
985 3883 1003 3919 α
1020 3863 1150 3918 commodi
1167 3862 1279 3932 quisque
1297 3877 1377 3916 eausa
1395 3868 1413 3929 β

244 3998 460 4095 19.·octiugente
477 4000 504 4053 A
537 4002 654 4070 tempore
673 3962 769 4069 (tepori
786 3999 832 4070 M)
850 4020 869 4056 α
886 4000 1017 4070 timorefl
1059 3998 1221 4054 dissererent
1237 3997 1266 4053 B
1307 3998 1351 4053 20.
1368 4014 1413 4051 su·

243 4084 399 4227 penollIli.
416 4170 441 4224 4.
451 4168 537 4239 psidie
554 4168 589 4223 A¹
607 4169 641 4223 de
660 4189 686 4239 α,
704 4184 754 4224 om.
773 4178 790 4239 β
825 4167 1171 4237 5.1itoreA¹1utoreB¹e
1193 4169 1218 4223 6.
1236 4166 1369 4237 deligatus
1386 4166 1413 4220 A

244 4268 394 4309 ancorama
412 4254 576 4323 anchoraefl
610 4254 697 4325 psidie
714 4254 748 4307 A*
782 4256 807 4310 t.
819 4255 942 4325 quintum
961 4274 980 4311 α
998 4262 1064 4325 ᾳςβ
1097 4254 1182 4324 pfecit
1199 4253 1240 4307 A⁴
1272 4253 1297 4309 8.
1307 4252 1413 4308 circiter

245 4356 270 4403 α,
293 4342 382 4409 ouass
414 4339 556 4410 aequitatu
572 4338 599 4393 A
1302 4360 1304 4362 ’
