3300 5067
260 353 328 418 226
806 360 889 420 VIII

265 523 336 588 culo
359 525 448 589 uitae
467 545 572 609 neque
590 524 679 589 adire
700 524 821 591 flumen
838 548 943 611 neque
966 526 1067 591 arduo
1090 547 1123 589 se
1145 528 1289 612 recipere
1305 536 1437 613 possent

230 608 407 673 basoensu.
460 607 534 688 Qua
569 609 758 674 difficultate
795 633 907 675 eorum
944 612 1074 696 cognita
1109 610 1231 675 Caesar
1261 613 1436 697 sagittariis

263 692 546 778 funditoribusque
583 694 760 779 dispositis,
794 697 962 760 tormentis
995 696 1092 759 etiam
1124 696 1322 843 Quibusdam
1356 696 1436 761 locis

264 787 376 841 contra
405 777 579 842 facillimos
610 778 781 844 descensus
805 779 994 862 conlocatis,
1018 802 1104 865 aqua
1150 782 1267 845 uminis
1286 780 1436 865 prohibe·
1450 788 1485 847 15

263 862 322 926 bat
340 885 363 927 o
411 862 535 927 idanos.

236 947 253 1010 1
349 885 510 1011 illm.
530 947 678 1029 Quorum
694 949 798 1013 omnis
806 957 921 1049 postea
936 948 1108 1014 multitudo
1132 959 1325 1034 aquatorum
1334 972 1436 1013 unum

263 1033 297 1095 in
319 1031 423 1096 locum
445 1033 659 1097 conueniebat
684 1033 745 1097 sub
775 1036 877 1118 ips1us
910 1033 1022 1120 oppidi
1049 1056 1185 1115 murum,
1217 1034 1275 1097 ubi
1298 1056 1435 1119 magnus

264 1116 336 1181 fons
356 1139 460 1202 aquae
480 1140 613 1203 prorum
638 1117 715 1183 ebat
732 1117 774 1181 ab
797 1141 836 1182 ea
853 1127 955 1218 parte,
982 1120 1149 1204 quaesere
1170 1118 1292 1203 pedum
1313 1128 1434 1182 trecen-

228 1202 371 1265 erorum
396 1201 566 1266 interuallo
621 1203 739 1267 uminis
769 1204 906 1267 circurtu
931 1202 1079 1267 uacabat.
1122 1202 1195 1267 Hoc
1217 1203 1305 1268 fonte
1326 1203 1434 1302 prohi-

263 1286 334 1349 beri
355 1308 452 1371 posse
470 1286 650 1372 oppidanos
667 1309 740 1351 cum
756 1297 906 1373 optarent
920 1287 1044 1373 reliqui,
1063 1287 1184 1352 Caesar
1201 1310 1284 1351 unus
1302 1286 1435 1369 urderet,
1467 1296 1484 1355 5

264 1393 281 1434 e
303 1372 436 1454 regione
457 1373 526 1435 eius
548 1374 660 1437 uineas
684 1394 781 1456 agere
803 1372 959 1437 aduersus
985 1382 1127 1437 montem
1155 1382 1187 1437 et
1209 1394 1361 1521 affirm
1388 1373 1434 1435 in-

264 1465 387 1520 struere
416 1457 525 1541 coepit
555 1479 675 1541 magno
707 1479 781 1520 cum
816 1456 928 1522 labore
966 1467 997 1521 et
1032 1458 1186 1522 continua
1245 1459 1251 1471 ‘
1288 1457 1435 1521 icatione.

231 1539 293 1605 30
317 1540 430 1625 pidani
453 1542 539 1604 enim
561 1541 631 1605 loco
655 1543 820 1626 superiore
844 1539 1018 1606 decurmmt
1045 1552 1076 1607 et
1103 1542 1227 1605 eminus
1254 1542 1321 1606 sine
1351 1543 1434 1625 peri-

263 1563 336 1688 culo
381 1624 558 1689 roeliantur
583 1625 766 1711 multosque
792 1628 999 1711 pertinaciter
1021 1626 1226 1691 succedentes
1248 1625 1434 1708 uolnerant3

263 1732 329 1773 non
351 1648 550 1774 deterrentur
571 1721 680 1775 tamen
701 1710 819 1775 milites
841 1712 944 1775 nostri
965 1712 1078 1776 uineas
1100 1711 1246 1796 proferre
1268 1720 1300 1775 et
1321 1710 1434 1774 labore
1447 1720 1485 1777 10

233 1794 362 1878 datque
385 1794 537 1880 operibus
560 1793 705 1860 locorum
726 1798 856 1859 uincere
883 1795 1098 1860 difficultates.
1142 1795 1267 1860 Eodem
1289 1805 1434 1879 ternpore

259 1879 429 1943 cuniculos
454 1890 556 1944 tectos
575 1882 613 1945 ab
635 1881 739 1945 uineis
762 1889 864 1965 agunt
885 1882 927 1946 ad
953 1890 1050 1966 caput
1076 1881 1186 1964 fontis3
1218 1880 1306 1965 quod
1333 1902 1433 1963 genus

229 2050 254 2113 5
263 1965 459 2113 ‹Frlpfflteirne
476 1964 543 2029 ullo
560 1964 805 2114 pificldiudim
824 1965 1167 2115 suspigioneirgsstium
1182 1963 1433 2113 lfacetr·1erli(·eebat.

293 2070 318 2110 x
456 2073 476 2114 a
523 2072 618 2114 erm
645 2072 665 2113 a
760 2072 846 2113 mem
897 2072 994 2114 eum
1121 2072 1254 2114 conooa
1334 2072 1369 2112 m
1396 2070 1433 2112 eo

263 2135 361 2197 turris
384 2072 732 2214 desordiabulatorum,
754 2157 819 2199 non
837 2071 967 2234 quidem
986 2156 1069 2219 quae
1081 2099 1252 2199 inoenibus
1275 2132 1435 2219 adaequa·
1448 2140 1485 2198 15

264 2228 313 2283 ret
330 2218 378 2300 (id
405 2219 491 2283 enim
512 2219 609 2283 nullis
637 2219 790 2305 operibus
813 2220 899 2283 effici
920 2222 1070 2305 poterat),
1097 2219 1154 2284 sed
1176 2241 1260 2304 quae
1282 2240 1434 2305 superare

230 2304 361 2369 dfontis
385 2303 551 2389 fastigium
572 2314 689 2389 posset.
732 2304 787 2367 Ex
809 2326 847 2369 ea
870 2325 943 2367 cum
970 2304 1035 2369 tela
1061 2306 1228 2368 tormentis
1255 2304 1435 2367 iacerentur

264 2387 306 2451 ad
328 2388 433 2452 fontis
453 2388 591 2470 aditum,
620 2412 680 2453 nec
708 2389 777 2453 sine
804 2388 948 2473 periculo
971 2398 1102 2474 possent
1129 2389 1243 2473 aquari
1270 2410 1288 2452 o
1313 2387 1434 2473 pidani,

263 2495 328 2536 non
349 2482 475 2536 tantum
497 2496 618 2559 pecora
640 2483 737 2621 augre
758 2475 915 2555 iumenta,
946 2473 1003 2538 sed
1030 2474 1127 2537 etiam
1149 2496 1271 2557 magna
1290 2411 1435 2537 bostium

263 2556 434 2621 multitudo
458 2560 511 2621 siti
533 2580 686 2622 consume
710 2567 791 2622 atur.
1445 2564 1487 2621 20

265 2726 305 2779 12.
324 2742 353 2779 se
370 2726 484 2794 recipere
503 2727 611 2792 possent
628 2741 737 2779 escensu
748 2744 765 2775 α
782 2741 893 2779 escensu
911 2726 1026 2795 reprere
1043 2742 1071 2780 se
1088 2729 1228 2797 possentss
1261 2726 1304 2780 15.
1318 2723 1435 2779 fluminis

264 2809 423 2876 prohibebat
442 2830 460 2861 α
476 2809 636 2878 prohibebat
654 2808 772 2863 fluminis
788 2814 815 2881 β.
893 2810 899 2817 ’

158 2960 162 2966 ,
333 2897 458 2948 XXXXI.
492 2895 516 2948 1.
534 2909 615 2946 unum
633 2892 662 2947 in
681 2913 698 2945 α
716 2893 745 2947 in
762 2901 881 2961 unump
923 2894 948 2947 2.
967 2893 1015 2948 sub
1034 2894 1117 2961 ipsius
1144 2893 1234 2962 oppidi
1260 2908 1363 2947 mnmm
1390 2891 1437 2946 ubi

262 2976 339 3047 (nubi
356 2978 402 3048 Μ)
421 2998 439 3033 α
473 2976 528 3031 Sub
545 2977 632 3046 ipsum
649 2978 721 3032 enim
738 2978 829 3046 oppidi
846 2993 950 3033 murum
968 2980 988 3050 β
1020 2980 1044 3033 3.
1063 2980 1140 3045 parte
1157 2978 1185 3033 B
1203 2976 1273 3047 pedu
1290 2976 1437 3046 A‘pedeB

265 3062 317 3131 ped
336 3066 360 3117 Τ
391 3066 417 3119 4.
427 3062 544 3117 fluminis
563 3082 581 3114 α
599 3079 614 3117 a
632 3062 749 3117 fluminis
767 3070 786 3131 β
820 3064 869 3117 6.e
887 3064 994 3132 reglone
1013 3063 1093 3135 ussM²
1110 3062 1256 3133 (dregione
1275 3061 1313 3116 Μ
1327 3062 1434 3130 regione

262 3144 300 3200 B'
334 3146 460 3202 aduersus
480 3167 498 3199 α
514 3149 633 3216 contrari
668 3163 794 3215 aggerem
811 3146 945 3202 instruere
965 3168 982 3199 α
999 3164 1111 3217 aggeres
1130 3150 1271 3215 strueress
1305 3147 1435 3213 [magno

263 3248 324 3285 cum
341 3232 431 3285 labore
449 3251 467 3283 α
485 3247 544 3286 eum
563 3248 662 3300 magna
681 3239 699 3301 β
733 3232 758 3287 8.
768 3230 911 3286 decurrunt
929 3233 957 3286 et
975 3234 1077 3287 eminus
1095 3232 1152 3287 sine
1169 3232 1286 3301 periculo
1303 3231 1436 3299 proelian-

261 3320 309 3371 tur
326 3316 377 3387 (plz
395 3316 423 3385 a)
442 3336 460 3367 α
477 3316 645 3371 decurrentes
663 3316 720 3370 sine
738 3316 855 3385 periculo
872 3316 1028 3385 pliebantur
1045 3322 1065 3386 β
1099 3318 1123 3372 9.
1143 3317 1294 3372 uulnerant.
1312 3316 1371 3371 Non
1390 3315 1436 3368 de·

263 3438 398 3489 terrentur
414 3433 579 3504 (dotarentur
595 3434 623 3503 a)
639 3436 731 3489 tamen
747 3434 849 3489 milites
869 3435 955 3489 nostri
965 3455 983 3486 α
1000 3434 1184 3489 uolnerabant.
1204 3396 1273 3505 (udlz
1285 3434 1321 3503 Τ)
1339 3436 1371 3487 ut
1388 3432 1447 3487 tem

262 3569 363 3623 milites
375 3551 423 3623 'dii
457 3586 509 3624 non
525 3571 690 3624 terrerentur
707 3519 889 3639 (terreim'r)
908 3576 925 3637 β
951 3572 979 3623 et
997 3570 1086 3623 labore
1106 3590 1131 3635 α,
1149 3584 1197 3623 om.
1217 3576 1235 3638 β
1262 3569 1301 3622 11.
1320 3568 1438 3621 locorum

263 3655 369 3708 uincere
389 3674 406 3705 α
433 3658 537 3708 uincere
555 3656 705 3722 locorumss
740 3656 780 3709 12.
797 3654 934 3709 cuniculos
951 3656 1037 3708 tectos
1056 3675 1074 3710 α
1091 3656 1177 3709 tectos
1200 3654 1370 3721 cuniculosfl
1404 3650 1438 3705 ab

264 3738 349 3792 uineis
359 3738 495 3793 Durdoiue
512 3739 646 3793 aduinees
665 3739 856 3808 (ueneastr.)
866 3739 898 3792 X
913 3738 946 3792 ad
964 3741 1043 3808 caput
1057 3738 1090 3793 U8
1107 3741 1136 3793 et
1153 3737 1295 3808 caputA‘p
1312 3738 1335 3791 de
1352 3735 1438 3805 capud

264 3823 300 3877 B‘
334 3824 375 3878 13.
385 3824 442 3876 sine
453 3843 470 3875 α
488 3825 511 3878 dr
528 3825 584 3877 sine
602 3824 783 3895 psuspicione
801 3830 839 3891 ad
857 3822 1002 3891 suspitione
1020 3822 1053 3876 M
1071 3822 1237 3892 susceptione
1255 3821 1292 3876 B‘
1309 3820 1438 3930 idtpedu

1336 3902 1350 3931 u
1361 3901 1373 3930 0

263 3951 315 3993 px.
336 3940 372 3995 U'
391 3941 503 3996 Orose'm
520 3941 617 4009 pedum
633 3949 680 3991 ‚vu
697 3942 744 4011 (ιι.
762 3941 800 3994 Μ
812 3957 860 3995 sex
877 3940 905 4011 a)
922 3940 976 4009 A‘fl
993 3940 1073 4009 podes
1092 3956 1137 3995 sex
1153 3940 1188 3995 B¹
1208 3940 1249 3995 15,
1267 3940 1393 3995 tabuloru
1410 3938 1438 3994 B

262 4026 369 4095 quidem
388 4046 414 4095 α,
431 4033 519 4093 emp
563 4026 709 4095 adequaret
725 4024 875 4094 (adequardr
892 4025 936 4095 A‘)
954 4025 1014 4097 A‘ss
1038 4028 1164 4094 aequaret
1177 4024 1218 4077 'B‘
1253 4026 1294 4079 16.
1313 4040 1437 4093 superare

261 4117 398 4180 (suparare
415 4111 462 4177 B¹)
479 4110 562 4164 fontis
579 4110 719 4179 fastigium
736 4115 824 4178 posset
835 4129 853 4165 α
870 4114 1006 4179 superaret
1016 4109 1099 4163 fontis
1116 4110 1257 4177 fastigium
1274 4114 1294 4180 β
1328 4110 1370 4165 18.
1380 4108 1437 4163 adi-

263 4198 322 4249 tum
341 4216 360 4251 α
377 4195 467 4250 aditus
486 4202 504 4264 ρ
520 4198 629 4263 possent
646 4194 738 4264 equari
758 4194 884 4263 oppidani
895 4214 913 4246 α
930 4195 1056 4265 oppidani
1074 4194 1270 4264 adaquarentur
1288 4199 1308 4264 β
1328 4195 1369 4248 19.
1389 4192 1437 4248 ad·

263 4294 313 4348 que
331 4278 359 4333 B
393 4296 493 4349 magna
510 4280 626 4335 hostium
646 4299 663 4332 α
680 4279 853 4348 Ιιοιιιίιιιιιιιβ
887 4280 929 4335 20.
941 4280 989 4334 siti
1006 4279 1088 4347 Α’Ββ
1105 4280 1156 4333 sibi
1174 4276 1250 4333 RB'.
