3300 5067
251 385 316 450 222
795 363 896 448 viu
991 408 995 415 ·

253 555 529 641 maduerteretque
577 577 687 619 omnes
729 553 840 639 oppidi
873 562 982 638 partes
1022 555 1297 639 praeruptissimis
1328 556 1418 619 saxis

253 663 322 705 esse
350 641 503 722 munitas,
537 661 600 725 quo
634 638 824 702 defendente
844 638 932 703 nullo
954 647 1063 703 tamen
1088 640 1220 703 armatis
1247 639 1418 704 ascendere

252 735 335 790 esset
353 724 490 806 difficile,
513 745 632 809 magna
655 734 762 788 autem
785 723 1003 808 inpedimenta
1025 723 1264 809 oppidanorum
1285 724 1417 807 uideret,

253 832 335 895 quae
358 811 385 874 si
408 809 606 874 clandestina
634 809 713 894 fuga
736 807 924 874 subtrahere
945 818 1149 890 conarentur,
1180 809 1322 894 effugere
1351 832 1417 873 non
1448 817 1466 876 5

252 895 348 959 modo
380 897 566 980 equitatum,
597 893 654 958 sed
684 917 723 958 ne
754 892 896 978 legiones
944 893 1054 958 uidem
1083 904 1227 979 possent,
1256 896 1416 980 tripertito

221 979 439 1045 Xcohortibus
457 979 569 1043 diuisis
591 981 674 1042 trina
697 978 915 1043 excelsissimo
923 915 1005 1044 loco
1027 989 1135 1043 castra
1150 979 1244 1061 fecit,
1261 1003 1282 1044 a
1320 979 1417 1044 uibus

250 1064 424 1150 paulatim,
456 1073 612 1151 quantum
634 1065 748 1149 copiae
769 1063 994 1149 patiebantur,
1024 1063 1148 1128 uallum
1166 1064 1201 1128 in
1223 1002 1333 1149 oppidi
1355 1065 1415 1128 oir-

253 1151 374 1214 cuitum
397 1150 512 1215 ducere
530 1151 672 1215 instituit.

223 1235 239 1297 1
335 1234 514 1299 ΧΧΧΙΙΠ.
553 1233 651 1316 Quod
673 1255 748 1297 cum
771 1233 1060 1298 animaduerterent
1087 1233 1243 1319 oppidani
1275 1233 1415 1298 miserri-

250 1341 368 1404 maque
393 1319 523 1384 Alesiae
549 1320 705 1385 memoria
738 1316 867 1382 solliciti
901 1319 1039 1383 similem
1075 1340 1187 1383 casum
1221 1318 1414 1383 obsessionis

249 1415 451 1486 uererentur,
478 1405 682 1489 maximeque
714 1426 755 1468 ex
784 1403 934 1468 omnibus
964 1404 1151 1484 Lucterius,
1186 1405 1241 1489 qui
1267 1403 1415 1468 fortunae

224 1488 334 1553 'illius
361 1489 542 1575 periculum
573 1490 701 1570 fecerat,
732 1497 876 1553 moneret
910 1489 1064 1553 frumenti
1084 1490 1242 1554 rationem
1263 1511 1333 1553 esse
1358 1488 1414 1552 ha·

247 1573 398 1655 bendam,
416 1577 612 1640 constituunt
630 1575 945 1655 omniumconsensu
959 1584 1052 1659 parte
1058 1574 1107 1639 ibi
1120 1573 1231 1638 relicta
1247 1574 1414 1658 copiarum
1446 1579 1465 1638 5

217 1657 312 1744 2ipsi
334 1682 407 1723 cum
430 1681 471 1724 ex
495 1659 589 1724 editis
616 1659 659 1722 ad
684 1658 912 1744 inportaudum
934 1659 1130 1724 frumentum
1151 1658 1321 1744 proficisci.
1363 1659 1413 1723 Eo

248 1744 380 1809 consilio
407 1683 559 1830 probate,
589 1767 751 1830 proxuma
781 1752 877 1808 nocte
906 1744 1032 1809 duobus
1059 1744 1189 1810 milibus
1216 1753 1414 1808 armatorum

218 1825 367 1893 3relictis
389 1829 529 1915 reliquos
552 1851 594 1894 ex
617 1829 737 1916 oppido
759 1829 832 1893 Dra
855 1852 913 1914 pes
935 1838 965 1894 et
987 1830 1155 1894 Lucterius
1178 1828 1325 1893 educunt.
1368 1828 1413 1892 Hi

248 1937 370 1999 paucos
393 1913 460 1979 dies
482 1916 600 1979 morati
623 1937 665 1978 ex
683 1913 802 1978 finibus
825 1853 1056 1996 dauni-corum,
1080 1916 1135 2063 plui
1151 1916 1269 2000 partim
1292 1936 1327 1977 re
1349 1913 1412 1976 fru-

248 2000 405 2063 mentaria
423 1999 593 2064 subleuare
611 2021 666 2064 eos
684 1998 866 2084 cupiebant,
887 2001 1008 2084 partim
1025 2022 1085 2084 pro
1109 2000 1206 2079 ibere,
1229 2020 1292 2084 quo
1308 2000 1413 2062 minus
1425 2005 1463 2062 10

248 2093 415 2166 sumerent,
437 2107 502 2150 non
520 2093 677 2170 poterant,
699 2107 855 2169 magnum
871 2107 1040 2148 numerum
1058 2084 1210 2148 frumenti
1227 2094 1413 2168 conparant,

246 2190 487 2254 nonnumquam
511 2179 618 2234 autem
646 2169 908 2255 expeditionibus
934 2170 1098 2235 nocturnis
1129 2168 1260 2234 castella
1288 2177 1412 2233 nostro-

215 2251 317 2316 Arum
345 2253 543 2319 adoriuntur.
588 2254 695 2336 Quam
724 2255 766 2320 ob
790 2276 923 2319 causam
949 2254 1053 2321 Gaius
1076 2253 1230 2319 Caninius
1256 2263 1323 2318 toto
1356 2277 1411 2339 op·

246 2338 324 2424 pido
352 2341 542 2404 munitiones
575 2339 775 2404 circumdare
805 2349 963 2422 moratur,
992 2362 1033 2403 ne
1066 2349 1122 2404 aut
1151 2361 1233 2425 opus
1263 2339 1412 2404 effectum

246 2425 327 2488 tueri
344 2447 409 2490 non
447 2426 525 2489 ossit
543 2434 598 2488 aut
614 2424 763 2510 plurimis
780 2427 814 2488 in
831 2424 911 2490 locis
929 2423 1059 2488 infirma
1073 2424 1223 2510 disponat
1239 2423 1461 2509 praesidiali>

218 2506 234 2569 l
331 2509 396 2572 XX
432 2511 472 2575 V.
490 2510 612 2594 Magna
628 2512 722 2595 copia
744 2510 896 2575 frumenti
915 2520 1093 2595 conparata
1118 2509 1287 2575 considunt
1304 2510 1410 2658 Drap·
1524 2584 1528 2590 .
1635 2518 1636 2549 ³

245 2615 301 2678 pes
324 2604 356 2658 et
377 2594 545 2660 Lucterius
567 2618 632 2659 non
653 2593 783 2680 longius
804 2595 847 2660 ab
875 2595 995 2681 oppido
1019 2593 1130 2660 decem
1153 2593 1294 2675 milibus,
1324 2616 1368 2656 un
1392 2617 1411 2658 e

215 2675 401 2762 2paulatim
433 2680 629 2744 frumentum
660 2681 693 2742 in
716 2679 872 2767 oppidum
899 2690 1133 2766 supportarent
1176 2680 1246 2765 Ipsi
1272 2681 1354 2744 inter
1376 2701 1409 2744 se

244 2765 430 2848 prouincias
461 2766 659 2850 partiuntur:
695 2765 848 2851 Drappes
880 2767 993 2829 castris
1019 2764 1182 2850 praesidio
1213 2787 1287 2830 cum
1316 2773 1409 2850 parte

245 2849 412 2934 copiarum
440 2849 563 2931 restitit,
593 2850 763 2914 Lucterius
795 2873 912 2934 agmen
936 2851 1151 2914 iumentorum
1181 2848 1225 2914 ad
1253 2871 1294 2935 op
1320 2848 1409 2913 idum
1441 2866 1460 2925 5

213 2931 341 2998 3ducit.
396 2935 571 3020 Dispositis
603 2934 650 2999 ibi
680 2935 851 3021 praesidiis
885 2935 966 3000 hora
995 2936 1098 2999 noctis
1128 2935 1255 2999 circiter
1307 2936 1409 2998 ecima

241 3133 266 3189 3.
283 3150 334 3204 quo
352 3142 370 3204 β
387 3136 455 3205 quod
473 3137 552 3206 md}
568 3137 604 3205 A)
622 3157 641 3193 α
679 3139 703 3194 4.
722 3136 903 3205 inpedimenta
920 3137 955 3190 A‘
973 3136 1009 3190 im
1026 3136 1144 3205 perlinita
1160 3136 1188 3193 Β
1222 3136 1246 3192 l.
1264 3135 1407 3190 celsissimo

243 3238 261 3269 α
279 3220 454 3276 excelsissimo
476 3221 503 3276 U
516 3222 739 3276 excellentissimo
762 3223 790 3277 Τ.

308 3309 444 3360 XXXIIII.
478 3307 502 3362 1.
528 3305 774 3361 animaduerterent
794 3326 812 3358 α
839 3307 929 3361 animis
947 3305 1120 3361 aduerterent
1138 3313 1156 3374 β
1190 3305 1338 3361 miserrima
1355 3321 1408 3421 (μὰρ)

240 3506 268 3562 Β
286 3509 388 3562 miserti
406 3509 509 3580 aqu(a)e
527 3509 554 3563 A
587 3459 756 3566 aedicitiB
773 3509 894 3565 sollicitis
910 3515 931 3582 β
947 3511 1101 3566 simelemA
1135 3471 1197 3566 eadsi
1214 3509 1242 3564 Β
1258 3525 1363 3565 causam
1380 3509 1407 3563 A

241 3643 400 3698 obsessiones
409 3644 443 3697 A‘
469 3644 495 3698 3.
512 3644 618 3700 fortune
636 3644 669 3698 A‘
704 3646 729 3699 4.
747 3593 810 3699 ilius
828 3645 856 3701 Β
882 3647 906 3701 6.
920 3647 1108 3716 inportandum
1117 3647 1152 3701 A‘
1174 3647 1211 3701 im
1228 3645 1362 3715 portandi]
1378 3646 1406 3699 B

241 3782 263 3835 7.
281 3794 406 3847 proxuma
424 3780 460 3834 A‘
476 3781 595 3849 proxima
612 3781 640 3835 B
673 3783 697 3837 8.
714 3781 825 3852 drappos
843 3802 862 3837 α
879 3782 986 3852 draptes
1004 3790 1023 3851 β
1058 3784 1098 3837 12.
1116 3731 1326 3851 expeditionbus
1344 3798 1405 3838 noc·

240 3872 326 3988 tlbl'rnis
343 3933 370 3987 A
405 3932 446 3988 13.
456 3934 534 4002 gaius
553 3954 579 3998 a,
597 3950 646 3989 om.
666 3943 683 4004 β
719 3936 758 3991 14.
777 3940 897 3990 moratur
916 3955 933 3988 α
950 3938 1060 3991 conatur
1077 3942 1098 4008 β
1120 3938 1160 3992 15.
1177 3935 1262 4005 possit
1280 3943 1298 4004 β
1315 3938 1405 4005 posset

241 4037 258 4069 α
276 4017 396 4086 plurimis
414 4017 442 4070 in
462 4037 479 4069 α
496 4017 598 4085 plurib;
617 4027 642 4088 β.

305 4105 413 4159 XXXV.
451 4105 474 4158 1.
492 4103 632 4158 considunt
649 4105 703 4174 ἕρ
721 4103 835 4160 consid&
851 4105 888 4160 B‘
922 4105 1034 4174 drappes
1052 4126 1071 4162 α
1093 4105 1243 4177 ἀταρῐοεβ
1274 4107 1299 4160 2.
1318 4104 1403 4160 decim

237 4186 272 4240 A‘
307 4187 333 4242 3.
351 4191 538 4294 supportarent
555 4189 589 4242 A*
607 4190 656 4243 sub
674 4191 811 4259 portarent
829 4189 857 4244 Β
899 4191 923 4245 4.
941 4191 1062 4260 puintias
1080 4191 1108 4244 A
1148 4190 1289 4259 patiuntur
1305 4187 1403 4260 AprB

240 4304 358 4375 Drappes
375 4305 511 4376 (Dllappos
529 4309 566 4372 A)
584 4328 602 4364 α
624 4309 775 4378 Βηρῐοεβ
825 4311 850 4365 5.
869 4309 1002 4377 copiomm
1019 4308 1046 4364 A
1079 4308 1115 4363 ad
1134 4329 1152 4361 α
1168 4309 1196 4362 in
1216 4313 1242 4381 β.
