3300 5067
237 378 299 443 180
781 382 845 442 VII

234 547 453 634 impediebat,
479 557 547 611 tum
582 549 741 630 maxime,
773 546 862 631 quod
892 547 1045 610 abiuncto
1072 545 1218 610 Labieno
1249 556 1346 631 atque
1362 547 1402 609 iis

205 632 427 719 3legionibus,
446 654 527 717 quas
549 653 614 694 una
637 634 776 713 miserat,
798 631 1004 695 uehementer
1022 630 1166 695 timebat.
1205 631 1323 716 Itaque
1346 630 1401 694 ad-

236 718 370 783 modum
389 718 516 802 magnis
539 715 661 781 diurnis
679 718 907 802 nocturnisque
928 715 1096 780 itineribus
1115 714 1268 780 confectis
1290 724 1403 780 contra

205 802 380 868 Aomnium
414 804 597 887 opinionem
630 801 672 865 ad
697 801 850 887 Ligerem
879 803 981 882 uenit,
1011 799 1163 886 uadoque
1192 823 1250 886 per
1279 802 1402 886 equites
1415 804 1455 862 10

235 888 377 952 inuento¹
417 909 454 951 ro
481 888 527 950 rei
553 888 742 951 necessitate
769 896 937 971 oportuno,
959 896 995 950 ut
1020 885 1156 951 brachia
1181 885 1279 949 modo
1304 895 1401 949 atne

235 974 338 1037 umeri
363 910 415 1036 ad
437 970 623 1035 sustinenda
655 993 746 1035 arma
777 970 875 1035 liberi
901 971 942 1034 ab
969 993 1056 1057 aqua
1083 992 1153 1035 esse
1174 980 1315 1056 possent,
1339 908 1401 1034 dis-

235 1059 341 1143 posito
370 1058 522 1143 equitatu,
551 1057 605 1141 qui
631 1058 699 1120 uim
724 1054 867 1119 fluminis
893 1056 1097 1141 refringeret,
1125 1065 1222 1141 atque
1253 1055 1401 1119 hostibus

206 1138 340 1227 bprimo
365 1151 495 1228 aspectu
514 1140 721 1226 perturbatis,
747 1140 942 1205 incolumem
960 1143 1137 1205 exercitum
1160 1140 1318 1221 traduxit,
1336 1140 1400 1203 fru-

236 1236 443 1312 mentumque
464 1228 497 1290 in
516 1227 602 1311 agris
622 1234 652 1289 et
669 1226 794 1310 pecoris
818 1227 945 1310 copiam
963 1236 1086 1305 nactus,
1103 1225 1226 1311 repleto
1245 1224 1452 1289 hisrebus15

236 1314 380 1376 exercitu
397 1314 457 1375 iter
474 1314 508 1374 in
525 1310 669 1376 Senones
688 1310 795 1375 facere
812 1312 957 1374 instituit.

208 1394 224 1456 1
320 1396 423 1461 LVII.
463 1395 553 1459 Dum
571 1395 652 1459 haec
681 1394 769 1481 apud
792 1394 965 1459 Gaesarem
992 1404 1158 1480 genmtur,
1179 1393 1344 1459 Labienus
1362 1415 1400 1457 eo

236 1480 470 1567 supplemento,
497 1479 586 1565 quod
613 1502 716 1565 nuper
746 1502 788 1544 ex
809 1479 908 1544 Italia
929 1489 1073 1560 uenerat,
1094 1479 1205 1543 relicto
1230 1477 1401 1563 Agedinci,

235 1575 271 1629 ut
289 1575 371 1631 esset
388 1565 613 1653 inpedimentis
635 1564 811 1650 praesidio,
835 1587 909 1628 eum
934 1564 1004 1628 HII
1030 1564 1210 1649 legionibus
1232 1564 1402 1628 Luteciam

235 1649 456 1736 proficiscitur.
500 1648 539 1713 Id
558 1659 605 1714 est
627 1650 782 1735 oppidum
803 1650 1017 1731 Parisiorum,
1061 1648 1127 1713 uod
1143 1651 1285 1736 positum
1304 1658 1352 1713 est
1368 1651 1402 1711 in

205 1733 341 1800 2insula
363 1734 504 1799 fluminis
523 1734 699 1819 Sequanae.
740 1733 840 1800 Cuius
868 1734 1009 1798 aduentu
1036 1756 1055 1797 a
1095 1734 1244 1798 hostibus
1262 1735 1402 1818 cognito,
1433 1738 1452 1796 5

206 1819 376 1905 3magnae
409 1842 451 1885 ex
480 1818 623 1884 finitimis
655 1819 841 1884 ciuitatibus
868 1822 982 1904 copiae
1006 1827 1231 1883 conuenerunt
1266 1817 1402 1882 Summa

235 1905 364 1990 imperii
397 1905 536 1969 traditur
567 1902 789 1990 Camulogeno
821 1903 979 1985 Aulerco,
1014 1904 1071 1989 qui
1104 1925 1208 1989 prope
1239 1907 1401 1967 confectus

237 1999 342 2054 aetate
363 1999 472 2054 tamen
489 1999 621 2076 propter
638 1989 835 2073 singularem
850 1990 1016 2053 scientiam
1037 1990 1083 2053 rei
1101 1988 1250 2053 militaris
1268 1987 1310 2052 ad
1328 2009 1400 2051 eum

205 2073 285 2139 4est
302 2075 457 2139 honorem
476 2084 638 2139 euocatus.
670 2075 703 2138 Is
723 2097 795 2137 cum
814 2074 1096 2137 animaduertisset
1116 2083 1307 2159 perpetuam
1332 2094 1401 2136 esse

236 2159 398 2247 paludem,
418 2182 500 2245 quae
517 2158 665 2223 influeret
682 2161 715 2223 in
725 2158 910 2244 Sequanam
930 2168 1027 2243 atque
1036 2158 1128 2222 illum
1147 2180 1274 2222 omnem
1292 2155 1400 2221 locum
1413 2162 1451 2219 10

236 2267 433 2330 magnopere
449 2244 616 2330 inpediret,
633 2244 686 2309 hic
704 2243 850 2308 consedit
867 2254 1058 2329 nostrosque
1075 2245 1212 2308 transitu
1229 2240 1401 2327 prohibere

234 2331 378 2393 instituit.

320 2413 441 2479 LVIII.
470 2411 635 2477 Labienus
653 2415 757 2498 primo
768 2416 881 2477 uineas
899 2434 1003 2498 agere,
1022 2412 1164 2476 cratibus
1174 2420 1272 2497 atque
1281 2432 1402 2495 aggere

204 2418 225 2567 i
260 2498 389 2563 aludem
417 2496 547 2583 explere
578 2508 675 2583 atque
697 2500 757 2561 iter
783 2500 908 2561 munire
940 2497 1128 2562 conabatur.
1162 2497 1340 2581 Postquam
1367 2494 1402 2557 id

269 2583 398 2647 fficilius
421 2582 553 2648 confieri
577 2582 812 2664 animaduertit,
836 2582 959 2648 silentio
993 2583 1145 2646 ecastris
1168 2582 1262 2645 tertia
1287 2579 1402 2664 uigilia

205 2674 382 2753 segressus
408 2667 535 2748 eodem,
555 2690 617 2753 quo
636 2677 777 2749 uenerat,
799 2668 911 2731 itinere
932 2666 1146 2731 Metiosedum
1163 2667 1317 2752 peruenit.
1361 2663 1402 2727 Id

235 2763 283 2818 est
310 2752 465 2838 oppidum
491 2752 663 2834 Senonum,
685 2754 719 2815 in
745 2750 851 2815 insula
877 2751 1048 2837 Sequanae
1069 2753 1220 2838 positum,
1241 2761 1278 2814 ut
1303 2747 1401 2835 paulo
1432 2756 1450 2813 5

236 3059 261 3113 7.
279 3055 446 3125 Impediebst
463 3054 490 3108 A
507 3053 662 3123 inpediebat
678 3054 709 3108 Β
741 3054 867 3109 abiuncto
889 3053 915 3105 T
929 3052 1054 3107 adiuncto
1073 3051 1123 3106 aU
1158 3052 1193 3105 iis
1209 3050 1304 3107 A⁴BU
1316 3052 1359 3105 his
1382 3052 1407 3103 T

235 3144 288 3198 hiis
306 3140 390 3196 me*
446 3139 487 3195 10.
504 3139 644 3207 oppinione
661 3139 696 3193 A'
740 3138 852 3206 ligerem
871 3157 889 3189 α
907 3137 1050 3208 ligerimss
1100 3138 1141 3191 11.
1159 3136 1188 3189 ri
1213 3135 1239 3188 Τ
1275 3138 1402 3205 oportuno

236 3229 262 3283 A
284 3229 429 3298 opportuno
445 3224 474 3279 B
535 3224 576 3279 12.
593 3224 676 3278 umeri
694 3222 729 3277 Μ
752 3221 856 3276 humeri
873 3222 931 3276 cett.
993 3221 1033 3273 13.
1051 3220 1212 3288 refringeret
1231 3240 1248 3271 α
1274 3219 1403 3287 refringe·

236 3365 296 3417 rent
315 3368 332 3431 β
383 3361 425 3416 16.
442 3320 545 3415 itermB
561 3359 607 3414 lut
623 3358 651 3411 in
669 3358 696 3411 A
712 3357 765 3412 iter
782 3356 811 3410 in
828 3355 866 3410 M
883 3356 936 3410 iter
952 3357 1024 3411 inter
1042 3364 1060 3424 β
1094 3372 1203 3411 senones
1222 3358 1311 3426 anr.
1329 3370 1404 3409 seno·

236 3464 284 3501 nas
306 3445 424 3500 UTcorr.

568 3528 603 3597 stt

305 3599 388 3653 nvn.
405 3598 430 3652 a
448 3595 517 3665 agee
534 3596 588 3650 aa
604 3558 633 3649 a
649 3594 762 3663 against
778 3592 816 3647 n
829 3592 949 3661 agedinci
971 3590 999 3647 o
1036 3594 1062 3647 3.
1079 3608 1149 3645 nn·
1164 3592 1227 3646 AB
1277 3591 1404 3646 russam

771 3678 779 3719 i

238 3733 301 3788 A‘B
318 3734 416 3787 lucetis
438 3731 465 3786 U
478 3731 621 3785 luctator
661 3729 686 3783 4.
704 3729 888 3799 parentorum
902 3727 930 3783 Β
964 3729 1032 3798 quod
1050 3730 1167 3798 positum
1183 3730 1225 3783 est
1243 3727 1405 3797 opositis

238 3888 263 3944 s.
281 3884 438 3954 aquaem
456 3884 480 3937 e.
500 3881 541 3951 ex]
559 3881 583 3935 a
599 3881 626 3935 A
642 3842 696 3951 fini
713 3881 788 3935 timis
805 3880 834 3935 n
858 3881 884 3936 s.
901 3881 1040 3935 sconsam
1056 3880 1085 3934 Β
1112 3880 1152 3934 10.
1164 3896 1196 3949 q;
1214 3879 1249 3933 a
1266 3878 1307 3948 a]
1325 3840 1351 3931 in
1369 3878 1404 3932 A

308 3966 402 4025 LVIII.
422 3970 449 4023 3.
467 3966 574 4021 confieri
592 3964 648 4036 A‘fl
664 3965 782 4019 cumfieri
799 3964 836 4019 B'
870 3964 1062 4020 animaduertit
1081 3985 1099 4021 α
1116 3965 1234 4018 animum
1253 3963 1406 4033 aduertitss

240 4072 330 4194 uigilia
347 4122 374 4176 A
424 4118 618 4177 Ametiosedsr
640 4120 732 4174 Tcorr.
754 4118 897 4173 metiosede
920 4116 956 4171 U'
981 4116 1126 4171 meliosedr'r
1147 4118 1182 4169 Τί
1206 4068 1361 4185 mellddum'i
1377 4112 1405 4168 Β

240 4206 394 4263 mellodunu
417 4204 484 4260 A⁴U
500 4203 652 4259 melleduni]
671 4202 700 4258 R
723 4201 891 4257 melodorum
911 4201 948 4255 T²
1009 4202 1034 4256 5.
1051 4202 1140 4255 insula
1156 4200 1210 4273 Μβ
1229 4200 1318 4254 insula
1335 4199 1405 4253 silua

240 4291 340 4361 Alba.
356 4276 465 4361 insulla.
484 4289 554 4344 silua
574 4287 603 4341 B
637 4303 758 4357 sequana
775 4286 868 4356 (sequa
885 4303 917 4341 ne
935 4285 971 4355 A)
988 4286 1023 4340 A¹
1041 4301 1158 4355 sequana
1173 4284 1237 4357 Bp.
