3300 5067
794 392 846 451 III
1365 388 1405 452 57

325 554 418 618 VIII.
435 554 541 619 Huius
560 564 608 620 est
625 556 764 620 ciuitatis
782 555 879 641 longe
898 557 1098 707 amplissima
1112 559 1286 623 auctoritas
1304 559 1436 622 omnisl

242 662 318 705 orae
339 640 519 705 maritimae
541 642 709 726 regionum
732 664 853 723 earum,
876 665 939 727 quo
986 652 1018 707 et
1034 665 1135 707 naues
1156 641 1277 707 habent
1291 644 1410 708 Veneti

240 725 406 812 plurimas,
429 725 546 810 quibus
567 728 602 789 in
622 727 826 791 Britanniam
848 729 1005 814 nauigare
1027 738 1228 809 consuemmt,
1256 737 1288 793 et
1310 730 1407 793 scien·

241 813 287 875 tia
305 820 402 896 atque
416 832 478 875 usu
491 812 693 876 nauticarum
707 835 815 878 rerum
829 812 970 899 reliquos
989 813 1180 878 antecedunt
1193 814 1271 878 etin
1288 835 1407 898 magno

212 898 361 982 timpetu
394 896 492 961 maris
519 906 615 982 atque
638 907 763 984 aperto,
793 900 905 983 paucis
935 898 1082 984 portibus
1112 899 1296 979 interiectis,
1349 921 1408 963 uos

241 992 348 1046 tenent
370 982 448 1067 ipsi,
482 1004 592 1047 omnes
614 981 694 1066 fere,
725 984 780 1083 qui
811 986 954 1048 comari
983 986 1031 1048 uti
1053 993 1258 1065 consuerrmt,
1289 921 1409 1048 habent

241 1066 423 1151 uectigales.
467 1067 520 1132 Ab
552 1068 602 1132 his
629 1066 666 1132 fit
695 1069 822 1133 initium
853 1068 1010 1133 retinendi
1041 1068 1113 1135 Silii
1145 1078 1241 1154 atque
1271 1068 1438 1146 Velanii,2

243 1152 330 1237 quod
347 1175 406 1239 per
428 1176 482 1217 eos
510 1176 584 1218 suos
603 1176 637 1217 se
660 1152 796 1231 obsides,
815 1175 897 1239 quos
920 1153 1038 1220 Crasso
1061 1153 1232 1235 dedissent,
1253 1156 1409 1240 recipera-

241 1248 330 1302 turos
354 1237 590 1303 existimabant.
624 1238 751 1304 Horum
769 1240 959 1305 auctoritate
973 1239 1101 1304 finitimi
1120 1238 1260 1321 adducti,
1281 1248 1318 1303 ut
1335 1238 1438 1304 sunt3

193 1334 232 1392 10
242 1321 413 1387 Gallorum
432 1323 539 1389 subita
552 1333 583 1389 et
605 1326 770 1410 repentina
788 1323 931 1407 consilia,
949 1325 1063 1390 eadem
1081 1324 1120 1389 de
1138 1344 1236 1389 causa
1252 1323 1408 1389 Trebium

241 1407 527 1495 Terrasidiumque
557 1410 706 1492 retinent,
737 1419 768 1475 et
790 1409 933 1474 celeriter
961 1412 1067 1474 missis
1099 1409 1215 1494 legatis
1245 1432 1302 1495 per
1333 1432 1408 1474 suos

242 1494 403 1579 principes
421 1497 503 1559 inter
521 1517 555 1559 se
572 1496 749 1577 coniurant,
771 1493 852 1559 nihil
870 1497 930 1559 nisi
949 1497 1110 1561 communi
1129 1493 1260 1559 consilio
1280 1505 1407 1560 acturos

242 1578 442 1665 eundemque
473 1581 576 1645 omnis
603 1579 752 1645 fortunae
784 1582 908 1644 exiurm
938 1604 1008 1646 esse
1038 1579 1173 1661 laturos,
1203 1578 1409 1665 reliquasque

241 1665 388 1729 ciuitates
410 1664 590 1747 sollicitant,
611 1676 647 1730 ut
668 1668 701 1731 in
723 1688 762 1730 ea
783 1664 940 1749 libertate,
963 1689 1061 1752 quam
1084 1688 1104 1729 a
1125 1664 1302 1729 maioribus
1320 1662 1440 1729 acce-4

194 1757 231 1816 15
265 1759 363 1831 erant,
385 1772 574 1835 permanere
597 1773 695 1836 quam
717 1750 939 1816 Romanorum
961 1752 1147 1817 semitutem
1167 1750 1308 1836 perferre
1329 1749 1408 1813 mal-

241 1772 314 1898 lent.
346 1834 444 1899 Omni
461 1858 519 1900 ora
536 1838 698 1901 maritima
716 1835 861 1901 celeriter
879 1837 920 1902 ad
938 1860 1031 1903 suam
1049 1836 1239 1901 sententiam
1254 1832 1439 1921 perductab

242 1941 445 1984 communem
476 1920 671 2005 legationem
698 1922 741 1986 ad
761 1921 913 1986 Publium
936 1921 1089 1988 Crassum
1111 1922 1253 2002 mittunt,
1284 1922 1311 1985 si
1332 1920 1410 1985 uelit

243 2027 317 2069 suos
339 2007 404 2069 reci
428 2029 489 2087 ere,
511 2006 639 2071 obsides
663 2006 725 2072 sibi
742 2008 894 2072 remittat.

331 2029 441 2155 Villi.
465 2091 592 2173 Quibus
615 2092 655 2157 de
681 2091 778 2157 rebus
802 2091 923 2158 Caesar
945 2092 987 2158 ab
1010 2091 1126 2157 Crasso
1155 2092 1270 2155 certior
1296 2088 1437 2172 factus,l

265 2174 331 2239 uod
351 2177 420 2261 ipse
443 2176 556 2242 aberat
585 2176 727 2263 longius,
758 2200 859 2243 naues
881 2180 1008 2242 interim
1037 2176 1152 2260 longas
1180 2175 1346 2240 aedificari
1375 2176 1410 2239 in

243 2198 374 2326 iumine
392 2262 519 2346 Ligere,
542 2262 630 2350 quod
647 2261 752 2327 influit
774 2264 807 2326 in
827 2261 1003 2345 Oceanum,
1024 2262 1104 2326 remi
1129 2284 1162 2325 es
1184 2282 1226 2325 ex
1266 2262 1410 2323 rouincia

244 2347 378 2428 institui,
400 2358 515 2413 nautas
542 2347 838 2434 gubernatoresque
864 2349 1048 2433 comparari
1073 2284 1171 2411 iubet.
1224 2283 1285 2409 llis
1312 2342 1439 2409 retusa

216 2430 388 2497 boeleriter
406 2432 635 2498 administratis
657 2435 735 2519 ipse,
767 2434 1004 2519 cumprimum
1026 2454 1084 2518 per
1107 2432 1181 2496 anni
1203 2439 1330 2516 tempus
1352 2452 1408 2515 po-

243 2518 311 2599 tuit,
334 2515 377 2581 ad
400 2520 575 2584 exercitum
593 2518 766 2583 contendit.
807 2518 925 2583 Veneti
941 2517 1084 2602 reliquae
1107 2539 1148 2580 ue
1169 2517 1246 2580 item
1264 2513 1438 2581 ciuitates3

244 2603 373 2687 cognito
389 2601 538 2669 Caesaris
557 2604 698 2669 aduentu
718 2604 879 2688 [certiores
897 2603 999 2686 factil,
1022 2604 1082 2667 sim
1136 2601 1231 2686 quod,
1254 2609 1409 2686 quantum

243 2688 277 2751 in
289 2709 323 2751 se
339 2688 461 2753 facinus
480 2688 692 2771 admisissent,
709 2687 949 2774 intellegebant,
967 2688 1103 2773 legatos,
1125 2686 1213 2773 quod
1230 2708 1348 2750 nomen
1366 2685 1408 2749 ad

245 2794 355 2837 omnes
367 2774 513 2839 nationes
527 2784 673 2839 sanctum
686 2773 945 2859 inuiolatumque}
953 2795 1079 2859 semper
1087 2771 1206 2849 fuisset,
1217 2780 1356 2837 retentos
1366 2770 1408 2835 ab

196 2865 235 2923 10
245 2879 278 2921 se
301 2866 331 2921 et
353 2858 386 2921 in
407 2858 514 2923 uincla
537 2861 706 2941 coniectos,
727 2882 787 2945 pro
810 2858 1033 2943 magnitudine
1054 2856 1188 2943 periculi
1209 2855 1331 2921 bellum
1352 2878 1409 2941 pa-

243 2964 316 3006 rare
339 2952 370 3007 et
391 2946 533 3008 maxime
555 2968 602 3027 ea,
625 2967 708 3031 quae
726 2944 769 3009 ad
786 2966 881 3009 usum
898 2944 1032 3008 nauium
1049 2944 1216 3028 pertinent,
1237 2941 1409 3027 prouidere

246 3029 426 3109 instituunt,
448 3028 510 3093 hoc
532 3032 654 3095 maiore
677 3053 746 3116 spe,
778 3028 866 3116 quod
888 3027 1025 3092 multum
1046 3037 1163 3092 natura
1184 3025 1248 3090 loci
1270 3026 1408 3092 confide-

244 3111 331 3176 bant.
373 3112 539 3180 Pedestria
570 3139 639 3180 esse
660 3117 776 3180 itinera
807 3115 937 3179 concisa
959 3114 1138 3194 aestuariis,
1168 3107 1438 3196 nauigationem4

311 3391 383 3442 VIII.
401 3387 426 3442 3.
443 3386 575 3442 brittania
592 3386 621 3442 Β
638 3385 755 3443 britania
771 3384 809 3439 M
827 3386 961 3450 eructuet
976 3385 1003 3439 A
1036 3384 1062 3437 A
1080 3382 1246 3436 nauticarum
1263 3397 1351 3435 rernm
1368 3397 1408 3437 re-

243 3470 330 3541 liquos
346 3471 387 3526 ed.
406 3471 485 3528 Rom.
504 3475 573 3527 1469
591 3472 761 3527 nauticarum
779 3471 896 3541 reliquos
915 3488 933 3525 a
959 3484 1047 3523 rerum
1074 3466 1240 3520 nauticarum
1258 3470 1375 3521 caeteros
1390 3471 1413 3546 ,A

299 3555 305 3567 '
699 3566 711 3599 o

244 3607 268 3662 7.
286 3558 396 3661 11111111
412 3607 441 3663 Β
491 3607 558 3662 sillii
575 3608 607 3662 X
649 3606 767 3678 uel(a)nii
784 3606 812 3661 A
838 3604 939 3661 uelanii
955 3605 990 3659 A‘
1013 3602 1125 3658 uellanii
1141 3600 1177 3656 B¹
1196 3601 1294 3656 uelanii
1311 3601 1410 3671 (celani

247 3742 326 3813 Tiet
343 3744 432 3813 siquos
448 3743 606 3813 intercipere
623 3745 806 3813 potueruntss
838 3743 863 3797 8.
881 3690 947 3811 quod
964 3740 993 3795 Β
1026 3740 1218 3808 reciperaturos
1235 3757 1253 3794 α
1270 3752 1409 3808 recupera·

243 3831 318 3883 turos
335 3827 391 3901 βΒ’
427 3819 663 3899 1111111111
682 3829 708 3883 A
742 3828 783 3886 13.
810 3828 940 3881 relaturos
958 3825 986 3880 Β
1020 3826 1062 3879 14.
1088 3826 1243 3892 acceperant
1269 3843 1287 3878 α
1304 3839 1409 3893 accepe-

243 3915 299 3969 rint
318 3920 339 3987 β
388 3915 428 3970 15.
447 3914 560 3970 mallent
578 3933 596 3970 α
613 3916 711 3969 malint
728 3918 748 3985 β
782 3914 821 3968 18.
840 3912 956 3982 recipere
973 3910 1034 3965 ΜΒ
1050 3926 1204 3979 recuperare
1221 3913 1248 3981 β,
1265 3923 1315 3963 om.
1333 3909 1360 3962 A

312 4004 397 4056 VIIII.
423 4002 448 4056 3.
466 4000 549 4069 ligere
568 4019 586 4056 α
603 3999 683 4068 ligeri
704 3998 765 4053 ΠΒΙ
782 3998 874 4066 ligeris
896 4000 921 4050 T
960 3996 988 4051 in
1006 4016 1034 4061 α,
1051 3999 1139 4067 emp
1179 3994 1303 4064 remiges]
1320 4010 1409 4061 regem

243 4086 312 4156 Apr.
346 4087 371 4139 A
389 4085 534 4155 comparari
551 4085 586 4138 A‘
603 4085 707 4153 operari
725 4083 753 4139 Β
769 4084 879 4154 conpari
896 4081 924 4138 Β
958 4084 982 4137 6.
992 4080 1120 4150 Ucubim)
1134 4081 1161 4135 A
1178 4078 1270 4134 Uenti
1286 4077 1315 4132 Β
1349 4079 1410 4131 reli-

245 4237 371 4293 quaeque
388 4220 417 4277 B
451 4223 475 4277 7.
493 4222 618 4278 certiores
644 4220 720 4290 sacti]
746 4220 796 4275 del.
815 4218 903 4274 Aldus
937 4219 961 4273 8.
980 4178 1167 4273 aedmidissent
1190 4214 1218 4269 A
1261 4214 1305 4269 10.
1321 4214 1410 4268 uincla

244 4290 346 4365 uffo
358 4308 467 4363 uincula
483 4308 539 4361 AT
570 4308 611 4364 11.
630 4323 712 4376 eaque
730 4306 764 4361 A‘
804 4306 845 4359 12.
864 4303 985 4360 instituit
1001 4302 1106 4374 uma
1145 4300 1187 4355 13.
1203 4299 1366 4368 nangatione
1384 4299 1410 4352 A
