3300 5067
250 364 291 429 86
802 369 872 428 ΠΠ

250 535 313 600 tari
334 544 474 620 possent,
496 544 528 599 et
547 534 655 599 omnia
671 533 811 616 deerant,
834 556 919 619 quae
941 533 985 597 ad
1000 531 1192 597 reficiendas
1208 552 1309 595 naues
1331 540 1424 597 erant

250 621 339 702 usui,
362 630 410 702 et,
433 618 521 707 quod
543 618 693 684 omnibus
716 617 887 685 constabat
912 618 1048 683 hiemari
1077 618 1112 681 in
1133 614 1243 681 Gallia
1265 626 1422 702 oportere,

251 705 448 769 frumentum
469 704 520 769 bis
541 706 576 768 in
597 704 677 770 locis
698 706 733 769 in
755 704 895 769 hiemem
915 705 1085 789 prouisum
1105 724 1172 767 non
1193 710 1270 767 erat

223 787 240 851 1
337 790 447 855 XXX.
477 788 605 871 Quibus
634 789 732 855 rebus
763 790 903 875 cognitis
932 788 1096 874 principes
1126 787 1332 869 Britanniae,
1365 790 1423 873 qui

251 884 326 961 post
340 874 498 961 proelium
517 874 560 939 ad
577 873 751 940 Caesarem
769 884 993 956 conuenerant,
1014 874 1098 938 inter
1111 894 1145 937 se
1161 871 1331 954 conlocuti,
1349 894 1423 938 oum

252 960 376 1061 equites
398 969 429 1025 et
450 982 549 1060 naues
572 969 603 1024 et
624 958 820 1025 frumentum
842 960 999 1061 Romanis
1020 958 1131 1023 deesse
1147 956 1371 1042 intellegerent
1391 968 1423 1023 et

222 1054 448 1195 tillidi?
465 1044 1450 1215 Alimaiiuiiiiff”lbiniliainibliiilim'oiiia

251 1214 395 1300 legiones
416 1223 707 1301 transportauerat,
739 1216 898 1301 optimum
920 1215 1011 1280 factu
1033 1237 1103 1279 esse
1125 1214 1300 1296 duxerunt,
1321 1212 1421 1279 rebel·

250 1299 336 1365 lione
359 1300 448 1365 facta
468 1300 628 1366 frumento
652 1308 900 1385 commeatuque
920 1310 1047 1366 nostros
1065 1297 1237 1385 prohibere
1255 1308 1286 1363 et
1302 1321 1372 1362 rem
1388 1300 1423 1363 in

251 1385 390 1450 hiemem
419 1385 615 1471 producere,
646 1384 734 1486 quod
763 1386 803 1450 iis
835 1387 993 1471 superatis
1024 1393 1082 1449 aut
1111 1384 1217 1449 reditu
1243 1383 1422 1449 interclusis

250 1471 411 1535 neminem
428 1480 543 1556 postea
557 1468 636 1535 belli
652 1470 810 1536 rnferendi
828 1492 928 1535 causa
945 1472 981 1535 in
994 1470 1423 1535 Britanniamtransitumm

253 1554 468 1621 confidebant.
507 1556 623 1642 ltaque
644 1579 755 1621 nasus
778 1557 998 1621 coniuratione
1019 1555 1106 1621 facta
1126 1553 1285 1641 paulatim
1306 1578 1349 1619 ex
1370 1578 1422 1621 ca·
1433 1559 1472 1618 10

253 1642 326 1705 stris
348 1639 511 1705 discedam
535 1662 570 1707 ac
593 1662 668 1707 suos
691 1641 775 1706 clam
798 1664 840 1706 ex
863 1642 950 1727 agris
974 1640 1132 1706 deducere
1154 1649 1337 1726 coeperunt.

224 1724 241 1785 1
338 1724 466 1789 XXXI.
487 1724 533 1790 At
548 1724 677 1809 Caesar,
700 1728 759 1791 etsi
775 1726 919 1793 nondum
937 1749 1050 1792 eorum
1064 1724 1198 1792 consilia
1215 1736 1422 1811 cognouerat,

251 1821 361 1875 tamen
383 1819 414 1875 et
441 1833 483 1875 ex
511 1820 629 1875 euentu
649 1814 784 1877 nauium
806 1835 938 1876 suarum
960 1822 992 1877 et
1019 1833 1062 1875 ex
1091 1834 1142 1894 eo,
1174 1810 1263 1897 quod
1293 1810 1422 1878 obsides

222 1896 331 1961 2dare
352 1897 597 1978 intermiserant,
619 1895 689 1961 fore
709 1896 752 1980 id,
775 1897 864 1982 quod
886 1897 1011 1979 accidit,
1034 1895 1268 1983 suspicabatur.
1306 1897 1422 1983 Itaque

254 1981 295 2046 ad
318 2004 429 2047 omnes
452 2003 546 2045 casus
569 1981 715 2047 subsidia
737 2004 809 2047 com
835 1982 958 2047 arabat.
1000 1982 1087 2047 Nam
1108 1992 1141 2048 et
1161 1981 1358 2047 frumentum
1381 2004 1423 2047 ex

254 2069 341 2152 agris
360 2065 490 2132 cottidie
511 2067 545 2130 in
566 2076 674 2132 castra
691 2005 879 2133 conferebat
895 2077 936 2150 et,
954 2089 1039 2153 quae
1053 2069 1256 2153 grauissume
1272 2066 1450 2133 adflictaet

253 2161 344 2217 erant
364 2174 474 2233 naues,
498 2174 607 2216 earum
630 2154 766 2217 materia
789 2162 886 2239 atque
909 2175 983 2218 aere
1005 2152 1048 2217 ad
1068 2152 1211 2239 reliquas
1232 2152 1421 2218 reficiendas

252 2236 404 2302 utebatur
426 2246 466 2319 et,
489 2259 573 2323 quae
596 2236 637 2302 ad
660 2260 715 2304 eas
736 2261 787 2303 res
809 2249 901 2303 erant
921 2240 1007 2320 usui,
1029 2260 1071 2303 ex
1092 2238 1267 2303 continenti
1288 2261 1422 2324 conpor-

224 2322 317 2387 3tari
337 2320 478 2387 iubebat.
521 2322 651 2409 ltaque,
681 2346 755 2387 cum
777 2346 903 2389 summo
930 2324 1036 2389 studio
1065 2346 1086 2388 a
1110 2322 1266 2389 militibus
1289 2322 1421 2388 admini-

256 2417 441 2556 straretur,ff
447 2407 516 2471 XII
535 2407 675 2473 nauibus
699 2410 838 2491 amissis,
868 2409 1000 2495 reliquis
1022 2419 1058 2473 ut
1083 2410 1233 2494 nauigari
1254 2408 1423 2474 commode
1452 2495 1473 2554 0

279 2502 365 2559 osset
395 2516 412 2557 e
438 2494 508 2557 ecit.
1433 2498 1449 2553 1

228 2516 276 2643 1p
340 2542 485 2643 XXXII.
507 2578 597 2641 Dum
620 2599 659 2641 ea
684 2588 853 2662 genmtur,
883 2577 1010 2662 legione
1035 2600 1078 2642 ex
1104 2578 1333 2643 consuetudine
1358 2601 1424 2643 una

256 2662 486 2729 flumentatum
508 2663 615 2745 missa,
639 2684 722 2747 quae
745 2661 971 2748 appellabatur
992 2663 1141 2749 septima,
1163 2685 1267 2747 neque
1293 2662 1361 2727 ulla
1381 2662 1424 2728 ad

256 2748 290 2812 id
316 2759 443 2834 tempus
469 2746 547 2812 belli
569 2748 750 2833 suspicione
771 2748 973 2833 interposita,
1004 2770 1077 2811 cum
1103 2770 1180 2833 pars
1202 2747 1369 2813 bominum
1390 2750 1424 2812 in

258 2835 344 2919 agris
362 2843 549 2915 remaneret,
570 2856 646 2918 pars
665 2834 762 2897 etiam
781 2833 815 2896 in
832 2841 940 2896 castra
953 2835 1131 2916 uentitaret,
1153 2834 1185 2915 ii,
1200 2834 1256 2918 qui
1272 2856 1332 2919 pro
1349 2856 1423 2919 por-

255 2921 297 2983 tis
319 2928 498 2983 castrorum
519 2919 553 2981 in
571 2919 707 2983 statione
730 2927 829 3001 erant,
852 2916 984 2983 Caesari
1005 2918 1234 2983 nuntiauenmt
1255 2918 1451 3005 pulueremt

256 3006 419 3085 maiorem,
447 3025 545 3088 quam
568 3002 765 3067 consuetudo
784 3003 891 3085 ferret,
912 3004 945 3066 in
972 3026 1011 3067 ea
1027 3012 1121 3090 parte
1137 3003 1250 3085 uideri,
1272 3026 1370 3090 quam
1390 3004 1423 3066 in

226 3089 381 3175 2partern
414 3087 498 3174 legio
530 3089 590 3153 iter
615 3088 751 3152 fecisset
796 3088 917 3154 Caesar
941 3087 984 3172 id,
1015 3088 1206 3175 quoderat,
1233 3091 1423 3175 suspicatus,

257 3258 297 3311 12.
316 3273 397 3312 naues
415 3259 492 3311 erant
509 3257 570 3312 usui
588 3276 607 3312 α
624 3272 669 3311 eas
687 3257 747 3310 usui
765 3261 867 3329 suntss
907 3259 948 3313 13.
966 3258 1079 3314 hiemari
1096 3258 1249 3330 ssbiemare
1268 3280 1286 3315 α
1322 3260 1362 3313 14.
1381 3258 1424 3313 his

256 3344 284 3397 in
304 3362 325 3399 a
340 3342 368 3396 in
386 3342 428 3396 bis
446 3347 472 3415 β.

325 3460 412 3515 XXX.
431 3462 455 3516 1.
472 3460 621 3516 brittaniae
638 3460 815 3516 A‘britaniae
833 3461 862 3517 B
912 3464 1084 3531 apronium
1101 3463 1130 3517 B
1162 3424 1249 3533 filium
1266 3463 1293 3516 A
1311 3464 1423 3533 prelium

256 3548 357 3604 lactum
378 3551 398 3619 β
437 3544 471 3600 ad
489 3561 621 3600 caesarem
640 3566 659 3602 α
676 3546 710 3601 ad
728 3563 759 3602 ea
783 3562 850 3616 quae
867 3547 982 3603 iusserat
1000 3563 1089 3602 caesar
1106 3548 1229 3603 facienda
1246 3556 1265 3618 β
1306 3547 1332 3603 3.
1350 3549 1424 3619 equi·

977 3644 991 3674 V

255 3689 299 3739 tes
317 3704 336 3741 α
354 3686 383 3739 et
401 3684 539 3754 equitess
582 3684 606 3738 6.
625 3682 700 3737 factu
716 3685 753 3738 A‘
770 3673 871 3738 factum
888 3684 917 3739 B
959 3684 1083 3740 dixerunt
1100 3685 1126 3739 A
1169 3685 1192 3739 8.
1210 3685 1245 3739 iis
1262 3681 1321 3751 (ns
1338 3684 1377 3740 M
1390 3685 1424 3741 iu

254 3769 292 3839 B)
311 3789 330 3825 α
352 3769 422 3824 ἱεΤ
473 3769 498 3823 9.
516 3768 675 3823 brittaniam
692 3770 718 3824 A
746 3769 891 3824 britaniam
909 3768 938 3824 B
993 3770 1034 3825 10.
1052 3769 1221 3826 confidebant
1244 3771 1298 3840 A's
1316 3770 1425 3825 coufite-

256 3855 323 3910 bant
340 3854 377 3910 B¹
412 3854 454 3907 11.
472 3870 502 3908 ac
519 3854 559 3908 ed.
578 3853 657 3909 Rom.
675 3872 702 3909 a.
720 3858 790 3910 1469
807 3857 856 3910 aut
874 3874 893 3910 α
910 3860 939 3909 et
957 3862 982 3924 β.

323 3938 424 3994 XXXI.
442 3940 467 3994 1.
476 3938 513 3992 At
531 3938 566 3992 A‘
584 3938 626 3993 Ad
644 3938 681 3994 B'
706 3940 731 3994 4.
742 3939 911 4009 comparabat
929 3940 956 3994 A
973 3940 1203 4010 conparabatMB
1236 3942 1260 3996 5.
1272 3940 1383 3995 cottidie
1396 3940 1423 3995 A

254 4022 422 4081 cotidieMB
455 4024 624 4094 mansino
646 4024 675 4080 B
692 4024 856 4094 grauissima
872 4025 900 4079 A
916 4025 1074 4095 grauissime
1091 4032 1143 4081 cett
1176 4026 1302 4081 adflictae
1320 4029 1425 4082 oracta

254 4110 333 4165 erant
349 4108 502 4177 essiones
542 4110 566 4164 7.
585 4109 735 4178 conportari
759 4129 777 4166 α
800 4110 948 4178 comparari
966 4118 985 4179 β
1027 4113 1052 4165 9.
1069 4110 1194 4181 nsaiwi
1212 4131 1231 4167 a
1248 4112 1378 4180 nauigare
1397 4118 1423 4179 β.

322 4192 437 4247 XXXIL
456 4193 481 4248 2.
500 4192 647 4249 frurfltaum
656 4195 691 4249 A‘
726 4194 750 4249 3.
770 4195 1001 4264 conrumpire
1034 4196 1059 4251 4.
1077 4196 1097 4250 ii
1117 4217 1135 4253 α
1152 4196 1218 4265 bis
1251 4197 1308 4266 pro]
1326 4213 1374 4265 por
1383 4195 1423 4251 Βι

132 4298 134 4304 ’
253 4280 279 4333 5.
296 4278 490 4334 nuntiauerant
508 4280 661 4345 (nunciauef
677 4280 721 4347 M]
739 4300 757 4336 α
775 4280 998 4336 renuntiauerant
1015 4290 1034 4351 β
1084 4285 1109 4339 7.
1126 4282 1190 4350 iter}
1213 4283 1286 4337 iuter
1303 4280 1423 4350 apres
