3300 5067
255 352 319 417 210
795 357 878 415 VIII

223 522 374 605 4rentur3
401 545 486 608 quae
514 544 574 603 res,
610 524 668 587 etsi
700 522 861 587 mediocre
893 521 1119 586 detrimentum
1146 524 1361 588 iumentorum
1384 546 1422 589 ac

255 630 422 672 seruorum
452 609 570 671 nostris
593 607 774 688 adferebat,
804 616 914 671 tamen
937 606 1050 671 stultas
1074 609 1284 691 cogitationes
1310 610 1421 673 incita·

253 692 312 756 bat
333 692 556 773 barbarorum,
588 702 685 777 atque
715 714 753 757 eo
775 694 891 777 magis,
922 690 1009 777 quod
1033 690 1206 774 Commius,
1232 715 1326 777 quem
1371 700 1472 759 ro-15

253 778 374 842 tectum
396 777 439 842 ad
457 777 579 841 auxilia
587 776 825 843 Germanorum
842 776 1033 841 arcessenda
1043 776 1146 858 docui,
1166 799 1238 840 cum
1257 780 1357 863 equiti
1383 801 1420 843 us

254 871 398 945 uenerat3
421 864 476 948 qui
490 863 619 926 tametsi
631 885 765 927 numero
783 884 849 925 non
867 860 1005 946 amplius
1021 871 1111 925 erant
1125 864 1299 947 quingenti,
1313 873 1421 927 tamen

257 947 496 1012 Germanorum
518 946 659 1011 aduentu
677 946 812 1011 barbari
834 945 1027 1011 nitebantur.

227 1033 243 1094 1
337 1032 395 1096 XI.
431 1031 552 1097 Caesar
579 1054 653 1094 cum
680 1031 951 1095 animaduerteret
988 1031 1113 1096 hostem
1150 1031 1319 1117 conplures
1351 1032 1419 1097 dies

253 1118 367 1181 castris
384 1116 503 1203 palude
526 1126 557 1181 et
578 1117 642 1180 loci
663 1126 781 1180 natura
798 1116 928 1180 munitis
938 1138 972 1180 se
981 1126 1097 1197 tenere,
1114 1137 1219 1200 neque
1238 1119 1421 1203 oppugnari

254 1211 360 1266 castra
382 1223 494 1266 eorum
512 1202 580 1265 sine
598 1201 807 1265 dimicatione
828 1202 1009 1287 perniciosa
1031 1223 1090 1265 nec
1112 1201 1219 1265 locum
1238 1204 1419 1267 munitioni-

252 1286 313 1350 bus
337 1285 445 1351 claudi
466 1288 530 1350 nisi
556 1310 576 1351 a
598 1286 713 1350 maiori
736 1288 879 1350 exercitu
896 1308 1001 1370 posse,
1019 1283 1141 1350 litteras
1161 1285 1203 1350 ad
1220 1286 1420 1352 Trebonium

253 1373 358 1452 mittit,
379 1382 423 1453 ut,
446 1393 543 1457 quam
562 1370 724 1435 celerrime
746 1380 864 1457 posset,
885 1370 1045 1456 legionem
1063 1370 1166 1452 XHI.,
1185 1394 1359 1456 quaecum
1382 1372 1420 1436 Τ.
1452 1378 1470 1436 5

253 1457 365 1522 Sextio
384 1456 492 1541 legato
515 1459 549 1519 in
556 1454 759 1541 Biturigibus
777 1455 950 1537 hiemabat,
974 1467 1148 1521 arcesseret
1166 1466 1262 1541 atque
1284 1459 1329 1521 ita
1347 1480 1420 1521 cum

223 1542 356 1606 2tribus
370 1540 551 1625 legionibus
574 1542 701 1625 magnis
723 1540 890 1605 itineribus
910 1541 950 1604 ad
970 1563 1004 1605 se
1012 1542 1151 1623 ueniret,
1172 1542 1242 1626 ipse
1252 1544 1375 1627 equites
1386 1544 1420 1606 in

252 1627 358 1691 uicem
372 1626 547 1691 Remorum
566 1648 604 1689 ac
621 1626 806 1709 Lingonum
815 1625 1262 1711 reliquarumqueciuitatum,
1285 1649 1419 1713 quorum

252 1734 408 1795 magnum
426 1734 594 1775 numerum
612 1720 814 1791 euocauerat,
843 1710 1004 1795 praesidio
1030 1710 1294 1796 pabulationibus
1313 1713 1420 1794 mittit,

253 1797 309 1880 qui
331 1795 455 1860 subitas
473 1796 671 1860 incursiones
689 1796 832 1860 hostium
855 1797 1053 1860 sustinerent.
1432 1804 1471 1863 10

225 1882 241 1945 1
337 1880 413 1944 XII.
443 1880 543 1962 Quod
569 1903 642 1944 eum
664 1880 783 1945 cotidie
805 1880 908 1962 fieret,
940 1903 978 1944 ae
1008 1882 1074 1945 iam
1097 1881 1326 1947 consuetudine
1349 1882 1419 1945 dili-

253 1967 362 2048 gentia
384 1968 585 2047 miaaeretur,
609 1965 696 2051 quod
717 1964 908 2052 plerumque
935 1966 1052 2029 accidit
1075 1965 1292 2048 diutumitate,
1314 1967 1418 2032 Bello·

252 2051 327 2114 uaci
345 2051 467 2115 delecta
484 2074 583 2115 manu
601 2050 748 2137 peditum
765 2052 902 2135 cognitis
926 2049 1118 2115 stationibus
1141 2051 1309 2117 cotidianis
1332 2054 1419 2137 equi·

251 2144 320 2198 tum
342 2145 526 2200 nostrorum
552 2134 752 2200 siluestribus
780 2135 859 2200 locis
890 2135 1025 2199 insidias
1049 2135 1224 2221 disponunt
1246 2136 1356 2203 eodem
1379 2159 1419 2201 ue

222 2222 269 2286 2e
293 2222 373 2284 uites
395 2230 525 2307 postero
548 2220 600 2285 die
623 2222 760 2301 mittimt,
784 2223 840 2305 qui
862 2221 1003 2305 primum
1031 2220 1181 2285 elicerent
1202 2231 1338 2304 nostros,
1359 2159 1418 2305 lin-
1451 2226 1469 2284 5

222 2242 366 2389 3sidiae]
410 2306 524 2369 deinde
550 2308 786 2370 circumuentos
820 2305 1083 2389 adgrederentur:
1124 2305 1223 2371 Cuius
1251 2306 1327 2371 mali
1350 2329 1418 2371 sors

251 2390 364 2454 incidit
390 2390 514 2471 Remis,
542 2390 660 2476 quibus
690 2389 745 2453 ille
776 2390 844 2453 dies
877 2391 1033 2475 fungendi
1064 2392 1204 2455 muneris
1236 2391 1419 2456 obuenerat.

252 2475 403 2559 Namque
424 2475 467 2556 hi,
489 2498 564 2539 cum
585 2485 716 2562 repente
737 2475 880 2540 hostium
903 2478 1025 2561 equites
1053 2476 1355 2545 animaduertissent
1381 2499 1419 2541 ac

253 2582 386 2624 numero
410 2561 590 2645 superiores
609 2562 805 2645 paucitatem
824 2562 1097 2646 contempsissent,
1116 2562 1265 2646 cupidius
1283 2563 1420 2625 insecuti

221 2644 413 2728 4peditibus
434 2645 576 2729 undique
599 2655 673 2708 sunt
695 2644 894 2708 circumdati.
930 2644 1002 2726 Quo
1026 2645 1113 2710 facto
1137 2646 1317 2731 perturbati
1340 2646 1419 2713 cele·
1431 2650 1469 2706 10

252 2730 328 2811 rius,
347 2752 446 2815 quam
456 2729 651 2795 consuetudo
667 2729 730 2794 fert
739 2731 894 2814 equestris
908 2729 1029 2814 proelii,
1049 2754 1082 2794 se
1093 2742 1281 2815 receperimt
1300 2734 1418 2797 amisso

222 2814 409 2896 bVertisco,
423 2816 570 2900 principe
585 2816 735 2895 ciuitatis,
752 2814 915 2899 praefecto
926 2816 1082 2899 equitum3
1102 2818 1244 2901 quicum
1261 2818 1319 2879 uix
1337 2839 1418 2902 equo

253 2909 386 2985 propter
405 2909 544 2963 aetatem
556 2909 665 2984 posset
682 2902 738 2980 uti,
756 2910 865 2962 tamen
884 2900 1111 2963 consuetudine
1128 2899 1298 2965 Gallorum
1316 2924 1419 2987 neque

254 2985 368 3048 aetatis
390 2986 597 3049 excusatione
622 2986 657 3048 in
680 2983 883 3069 suscipienda
903 2984 1107 3069 praefectura
1128 3009 1204 3050 usus
1228 2996 1296 3051 erat
1316 3010 1420 3072 neque

253 3187 294 3240 14.
312 3186 445 3241 incitabat
472 3186 644 3241 barbarorum
664 3206 681 3238 α
707 3185 879 3240 barbarorum
897 3186 1065 3258 inaltabatss
1098 3188 1138 3242 15.
1156 3191 1217 3256 atq';
1237 3191 1296 3257 atq;
1314 3188 1341 3241 A
1377 3191 1416 3245 16.

252 3283 345 3375 milia
367 3322 394 3377 A
429 3323 470 3377 17.
487 3325 578 3377 tamen
597 3342 615 3373 α
632 3320 679 3375 sed
695 3325 786 3375 tamar
803 3326 823 3391 β
857 3322 897 3377 18.
916 3322 1022 3376 barbari
1046 3322 1202 3378 nitebantur
1220 3343 1238 3378 α
1255 3324 1362 3378 barbari
1379 3324 1418 3378 in·

251 3407 387 3461 dabantur
408 3406 435 3461 U
449 3406 595 3476 inflabant!
616 3405 722 3460 barbari
742 3409 772 3460 Τ.

321 3546 367 3597 ΧΙ.
387 3545 411 3597 1.
429 3542 649 3597 animaduerterit
667 3562 686 3597 α
702 3543 793 3595 animo
811 3543 995 3613 aduerteretss
1027 3543 1051 3597 2.
1070 3503 1210 3612 pullen
1244 3544 1296 3597 loci
1316 3544 1418 3598 I'locis

253 3627 305 3681 aU
335 3627 482 3695 oppugnari
499 3631 686 3697 ssoppngnare
705 3646 724 3681 α
757 3627 782 3681 3.
800 3626 944 3695 pernitiosa
961 3626 1015 3681 AB
1040 3627 1065 3681 4.
1083 3628 1135 3681 nisi
1152 3658 1185 3667 —
1203 3628 1265 3698 (ΧΠ
1282 3628 1308 3697 6)
1325 3628 1419 3697 adgre-

251 3763 377 3816 derentur
393 3766 419 3831 β,
437 3777 487 3815 ora.
505 3780 524 3815 α
549 3722 677 3829 possib?
717 3762 743 3815 8.
761 3761 878 3816 ciuitatis
898 3762 1103 3817 rotulando
1133 3763 1254 3832 quorum]
1273 3768 1417 3835 quarumfl.

318 3845 378 3899 XII.
397 3844 824 3918 2.minueretur]1nuenireturss
847 3848 872 3901 3.
885 3845 997 3917 delecta]
1008 3847 1110 3901 deiecta
1127 3852 1146 3917 β
1170 3846 1297 3917 cognitis]
1315 3848 1419 3903 omissis

249 3963 303 4003 voa
320 3947 417 4002 Goeler
450 3947 474 4000 4.
493 3946 604 4001 insidias
621 3947 772 4015 Itsponunt]
792 3928 904 4015 dispoit‘
917 3947 1028 4001 insidias
1049 3948 1075 4001 Τ
1094 3948 1247 4018 eodemque]
1266 3948 1382 4016 eademq.
1400 3952 1420 4019 β

250 4034 276 4088 5.
293 4033 392 4103 Insidie
416 4035 441 4084 Τ
453 4030 550 4085 insidis
572 4031 603 4097 U,
628 4030 679 4085 del.
703 4031 801 4085 Wbitte
835 4034 858 4085 6.
878 4031 972 4085 deinde
997 4032 1101 4085 Tdein
1125 4032 1153 4087 U
1192 4032 1257 4087 mali
1275 4052 1294 4087 α
1311 4034 1420 4103 malass

251 4120 274 4173 7.
293 4118 349 4171 dies
368 4138 386 4172 α
403 4118 514 4188 Ιοοιιεβ
555 4118 579 4171 8.
599 4117 704 4171 hicum
724 4137 742 4172 α
759 4116 780 4170 ii
797 4132 857 4171 cum
879 4115 907 4170 U
920 4121 952 4169 esi
970 4116 1043 4170 ΜΤ
1085 4118 1125 4170 10.
1146 4116 1283 4185 peditibus
1302 4138 1320 4173 α
1339 4134 1354 4171 a
1372 4133 1416 4185 pe·

252 4202 353 4257 ditibus
371 4207 391 4273 β
433 4203 475 4256 11.
492 4202 587 4271 proelii
604 4218 632 4256 se
650 4222 669 4257 α
693 4202 763 4271 filiis.
783 4218 811 4255 se
834 4200 862 4255 U
875 4217 902 4255 se
923 4200 1028 4270 pliisT
1070 4202 1110 4256 12.
1130 4203 1243 4255 nertiseo
1262 4222 1280 4257 α
1302 4202 1417 4256 uertisco

251 4287 394 4358 uerutioss
428 4287 468 4342 14.
486 4303 531 4340 sus
549 4286 671 4355 oipienda
688 4286 724 4339 A‘
740 4286 863 4355 plectura
879 4285 921 4339 A‘.
1126 4296 1128 4299 ’
