3300 5067
246 366 306 431 154
783 374 847 433 VII

241 548 275 603 at
297 561 338 603 ue
356 538 431 603 inde
453 536 615 623 profectus
634 536 705 602 Gor
730 538 871 620 obinam,
895 539 1052 605 Boiorum
1071 541 1236 627 oppidum,
1254 565 1336 628 quos
1359 545 1408 610 ibi

240 561 410 689 Hduetico
432 621 555 709 proelio
579 624 682 722 uictos
706 560 827 688 Caesar
853 623 1080 691 conlocauerat
1095 627 1286 713 Aeduisque
1309 629 1407 695 adtri-

243 709 367 792 buerat,
390 731 408 773 o
456 730 581 793 ugnare
598 709 764 775 matituit,
876 770 880 777 ,

213 792 229 855 1
325 794 367 860 Χ.
440 815 560 877 agnam
584 792 665 857 haec
688 816 740 858 res
763 792 896 859 Caesari
918 794 1146 861 difficultatem
1173 797 1216 861 ad
1239 798 1409 865 consilium

241 879 435 965 capiendum
445 877 621 958 adferebat,
631 880 659 943 ai
668 878 828 963 reliquam
841 887 968 964 partem
983 880 1099 946 hiemis
1109 904 1172 946 uno
1185 881 1257 947 loco
1265 882 1296 947 le
1322 886 1409 949 ‘ones

241 966 424 1047 contineret,
442 986 482 1027 ne
501 964 719 1049 stipendiariis
736 963 929 1029 Aeduorum
950 968 1146 1052 expugnatis
1169 978 1284 1033 cuncta
1332 969 1409 1035 allia

245 1049 404 1132 deficeret,
423 1048 511 1135 quod
528 1048 653 1114 nullum
672 1050 785 1113 amicis
799 1051 834 1113 in
850 1072 887 1115 eo
909 1052 1111 1135 praesidium
1122 1053 1248 1118 uideret
1265 1055 1406 1139 positum

242 1157 325 1219 esse,
352 1137 380 1199 si
396 1135 554 1199 maturius
578 1156 621 1198 ex
637 1134 782 1200 hibernis
810 1134 967 1217 educeret,
993 1159 1034 1201 ne
1065 1136 1107 1201 ab
1136 1161 1172 1203 re
1198 1138 1409 1205 frumentaria
1440 1140 1458 1201 5

211 1216 331 1285 2duria
364 1218 627 1285 subuectionibus
661 1218 832 1284 laboraret.
880 1220 1050 1286 Praestare
1083 1225 1191 1290 uisum
1225 1234 1409 1289 esttamen

242 1308 346 1371 omnis
363 1303 570 1369 difficultates
588 1306 722 1390 perpeti,
741 1327 840 1390 quam
857 1315 949 1371 tanta
971 1307 1164 1373 contumelia
1187 1319 1320 1395 accepta
1342 1333 1408 1375 om-

210 1387 331 1455 3nium
358 1413 489 1455 suorum
510 1388 693 1455 uoluntates
721 1389 870 1455 alienare.
918 1392 1036 1477 Itaque
1062 1393 1248 1458 cohortatus
1274 1393 1407 1461 Aeduos

242 1476 282 1540 de
318 1474 539 1561 supportando
572 1484 754 1540 commeatu
784 1478 962 1561 praemittit
987 1477 1031 1542 ad
1059 1477 1171 1559 Boios,
1196 1481 1252 1564 qui
1279 1479 1319 1543 de
1350 1504 1408 1546 suo

242 1561 384 1626 aduentu
402 1560 539 1625 doceant
556 1559 794 1646 hortenturque,
812 1571 849 1625 ut
866 1561 974 1626 infide
990 1572 1145 1628 maneant
1162 1573 1259 1649 atque
1267 1563 1409 1629 hostium
1420 1567 1459 1625 10

210 1644 397 1731 4impetum
415 1667 534 1730 magno
553 1647 662 1710 animo
687 1648 873 1711 sustineant
898 1646 1079 1711 DuabusA
1103 1647 1210 1711 edinci
1225 1648 1255 1712 le
1279 1649 1407 1714 ionibus

240 1741 337 1816 atque
356 1730 596 1817 impedimentis
604 1733 703 1795 totius
714 1733 874 1796 exercitus
889 1731 1009 1796 relictis
1019 1732 1063 1797 ad
1102 1734 1171 1797 oios
1208 1756 1245 1799 ro
1271 1736 1409 1800 cisoitur.

212 1814 228 1876 1
325 1816 384 1879 XI.
416 1815 528 1880 Altero
562 1815 613 1880 die
646 1839 719 1881 cum
751 1816 794 1881 ad
821 1816 978 1902 oppidum
1005 1817 1169 1883 Senonum
1223 1818 1408 1885 ellaunodu-

241 1924 319 1965 num
346 1902 494 1983 uenisset,
516 1923 655 1986 nequem
678 1911 752 1987 post
778 1924 812 1966 se
837 1902 963 1966 hostem
984 1902 1193 1988 relinqueret,
1220 1926 1284 1990 quo
1313 1927 1355 1969 ex
1378 1928 1408 1970 e-

242 1986 358 2051 ditiore
374 2008 409 2051 re
426 1986 639 2051 frumentaria
652 1996 802 2069 uteretur,
821 2009 1011 2072 oppugnare
1033 1990 1172 2053 instituit
1189 1989 1288 2076 idque
1305 1989 1342 2054 bi
1365 2014 1407 2055 uo

211 2068 512 2155 2oircumuallauit3
534 2073 629 2136 tertio
648 2072 700 2136 die
718 2073 825 2137 missis
849 2094 891 2135 ex
909 2072 1030 2158 oppido
1046 2072 1162 2157 legatis
1182 2074 1222 2139 de
1238 2075 1409 2158 deditione,

217 2216 220 2223 .
241 2180 333 2222 arma
351 2156 498 2239 conferri,
520 2159 665 2222 iumenta
716 2157 843 2240 roduci,
871 2169 1033 2223 sescentos
1056 2159 1185 2244 opsides
1213 2160 1285 2225 dari
1310 2161 1409 2225 iubet
1440 2164 1460 2221 5

210 2240 290 2306 3Ea
309 2244 365 2328 qui
381 2242 560 2325 conficeret,
579 2241 613 2308 C.
623 2180 822 2307 Trebonium
837 2241 983 2328 legatum
1000 2242 1163 2329 relinquit,
1180 2245 1295 2331 ipseut
1311 2268 1409 2331 quam

209 2326 385 2413 Aprimum
402 2330 463 2393 iter
484 2328 613 2393 faceret.
637 2328 803 2395 Cenabum
819 2326 997 2393 Carnutum
1012 2328 1244 2415 proficiscitur3
1262 2333 1327 2418 qui,
1341 2341 1409 2395 tum

239 2415 380 2561 primum
408 2413 516 2478 adlato
549 2414 661 2478 nuntio
697 2413 738 2477 de
774 2416 1017 2498 oppugnatione
1047 2414 1301 2499 Vellaunoduni,
1337 2439 1410 2480 cum

253 2500 368 2583 ongius
394 2520 467 2562 eam
493 2522 562 2563 rem
581 2498 714 2563 ductum
736 2499 776 2561 iri
800 2500 1041 2581 existumarent,
1090 2500 1267 2566 raesidium
1287 2501 1410 2568 Cenabi
1450 2553 1453 2558 .

209 2582 351 2648 btuendi
377 2605 493 2666 causa,
526 2583 614 2669 quod
647 2606 684 2647 eo
720 2584 896 2666 mitterent,
931 2523 1163 2670 conparabant
1205 2586 1280 2649 Huc
1312 2586 1409 2651 biduo
1421 2590 1462 2647 10

239 2670 394 2754 peruenit.
439 2668 562 2733 Castris
581 2677 654 2733 ante
682 2668 838 2753 oppidum
860 2670 984 2753 positis,
1003 2670 1067 2733 diei
1088 2679 1234 2755 tempore
1257 2670 1408 2734 exclusus

240 2757 274 2818 in
292 2763 457 2839 posterum
477 2756 753 2839 oppugnationem
777 2753 894 2835 differt,
920 2776 1069 2840 quaeque
1095 2754 1138 2819 ad
1160 2778 1232 2819 eam
1249 2778 1318 2819 rem
1335 2758 1409 2819 usui

239 2941 278 2995 16.
298 2940 473 3009 gorgobinam
492 2958 510 2995 α
536 2941 686 3011 gortonass
735 2956 800 3009 quos
827 2938 865 2992 ibi
882 2938 981 2993 Rcorr.
996 2941 1022 2991 T
1034 2955 1085 3008 qno
1111 2940 1163 2993 sibi
1185 2939 1213 2993 U
1233 2939 1302 3008 quod
1320 2940 1373 2995 sibi
1391 2960 1410 2995 α

239 3078 279 3132 17.
299 3076 423 3141 θΙῷυδιὶοο
440 3076 477 3131 Μ
506 3074 561 3145 falic
578 3076 604 3129 A
638 3044 724 3129 uictos
750 3073 811 3129 Tra
828 3049 914 3128 uictds
932 3074 960 3127 Β
978 3076 1067 3129 uictus
1087 3074 1116 3129 R
1133 3074 1222 3130 uictor
1238 3075 1273 3129 A'
1290 3075 1364 3130 nictu
1386 3075 1413 3129 U

238 3161 365 3233 hadriam
382 3161 411 3215 Β
428 3161 548 3230 heduisq.
566 3160 601 3215 A⁴
636 3160 805 3215 adtribuerat
822 3158 884 3255 ΑΒ.

305 3299 338 3353 X.
358 3300 380 3353 1.
399 3297 531 3369 (dipacati
548 3298 574 3351 A
608 3296 632 3351 3.
643 3294 805 3365 stipadiariis
823 3256 869 3366 (di
886 3296 978 3368 M)A‘
1012 3295 1175 3351 haeduorum
1192 3297 1222 3351 B
1238 3297 1357 3351 heduoru
1373 3297 1408 3350 A¹

237 3385 261 3438 4.
289 3384 420 3439 defecerat
436 3384 473 3439 B‘
524 3384 683 3454 praesidium
711 3382 837 3452 (psidium
854 3382 900 3448 A‘)
926 3382 1032 3437 uideret
1059 3382 1205 3453 (uideretur
1231 3382 1270 3452 Β)
1292 3382 1409 3450 positum

237 3537 294 3575 essa
313 3519 455 3589 upsidium
473 3520 589 3589 positum
606 3518 710 3572 uideret
728 3525 746 3587 β
767 3519 858 3573 lonis
874 3519 916 3572 A·
927 3518 952 3571 8.
970 3479 1121 3571 cohortatbs
1137 3517 1166 3571 B
1200 3517 1280 3572 educa
1297 3517 1336 3571 M
1349 3519 1410 3572 hae·

238 3606 302 3661 duos
319 3606 348 3659 Β
365 3604 465 3659 heduos
483 3605 509 3658 A
544 3604 567 3658 9.
585 3602 693 3673 pmittit
710 3602 774 3657 A‘B
809 3605 850 3658 11.
869 3602 992 3671 agedinci
1011 3602 1050 3658 X.
1085 3604 1089 3611 '

305 3690 353 3745 XI.
381 3690 405 3747 1.
424 3688 549 3742 uellanno
568 3686 641 3741 duna
657 3686 684 3741 A
701 3687 848 3757 nellau(no)
866 3686 966 3740 dunum
984 3686 1013 3741 Β
1054 3687 1080 3740 2.
1099 3702 1149 3755 quo
1168 3686 1241 3755 ΑΒβ
1259 3686 1328 3756 quod
1345 3687 1409 3743 MR

237 3777 261 3831 3.
280 3788 433 3845 oppugnare
451 3774 477 3827 A
495 3772 648 3855 obpugnare
664 3772 693 3827 Β
726 3772 806 3843 idque
826 3793 845 3829 α
863 3789 919 3841 eoq.
936 3777 957 3843 β
989 3773 1014 3827 5.
1033 3772 1145 3827 conferri
1164 3792 1183 3827 α
1199 3773 1283 3841 plani
1300 3777 1321 3843 β
1336 3775 1408 3842 opsi-

239 3912 284 3965 des
302 3911 330 3965 A
346 3908 450 3965 obsides
468 3915 525 3965 cett.
561 3858 668 3965 tydide.
686 3908 740 3979 A‘d
758 3915 774 3963 a
790 3909 827 3963 B‘
872 3870 984 3978 reliquit
1001 3908 1028 3963 A
1072 3911 1095 3963 7.
1113 3909 1215 3963 facerat
1234 3929 1252 3961 α
1269 3908 1408 3963 conficeret

237 4005 257 4071 β
290 3997 424 4067 genabum
443 3995 474 4048 X
490 3994 606 4063 ganalpfr
622 3994 736 4064 Bmary.
771 3996 796 4049 8.
815 3994 941 4049 uellanno
959 3993 1024 4048 duni
1041 3993 1241 4064 (bellaunoduni
1263 3993 1299 4063 U)
1315 3998 1336 4063 β
1351 3994 1409 4047 uel·

574 4078 584 4121 i

240 4134 370 4189 lanadnni
391 4091 627 4202 (adllaunodundd)
646 4151 665 4187 α
682 4132 707 4187 9.
717 4132 911 4187 existumarent
928 4131 957 4185 B
969 4129 1158 4186 ‘existimarent
1176 4138 1232 4186 cett.
1267 4130 1356 4199 paidiu
1373 4130 1408 4183 A'

238 4220 336 4291 genabi
355 4219 386 4273 X
420 4218 460 4273 10.
479 4234 509 4272 co
526 4218 667 4272 mitterent
680 4216 770 4271 Α’ΒΊ.Ί
786 4216 813 4270 in
834 4232 864 4271 eo
881 4216 1061 4271 mitterentR
1078 4216 1253 4271 admitterent
1275 4215 1302 4269 U
1315 4215 1407 4269 mitte·

237 4310 298 4361 rent
315 4306 352 4361 M
382 4304 434 4359 Hic
450 4304 484 4358 Α.
