3300 5067
257 372 321 437 166
808 376 874 436 VII

256 563 408 642 mamque
442 540 490 605 ibi
522 562 560 606 co
585 542 651 606 iam
676 541 829 605 frumenti
861 550 892 603 et
918 539 1033 624 reliqui
1064 547 1262 603 commeatus
1288 548 1424 603 nanctus

225 626 435 694 2exercrtum
467 647 509 690 ex
537 564 649 690 labore
676 635 773 710 atque
799 626 908 711 inopio
935 624 1054 688 refecit
1098 623 1170 687 Iam
1192 645 1294 709 prope
1320 623 1424 689 hieme

256 711 413 793 confecta,
431 733 506 775 cum
522 711 594 796 ipso
614 711 690 773 enni
707 715 852 795 tempore
871 709 914 773 ad
929 709 1107 795 gerendum
1121 707 1244 773 bellum
1253 718 1425 773 uocaretur

257 807 289 861 et
316 796 359 861 ad
387 795 512 861 hostem
542 793 703 880 proficisci
730 795 957 875 constituisset,
986 796 1055 858 siue
1083 815 1156 858 eum
1183 816 1225 858 ex
1249 792 1425 878 paludibus
1455 793 1473 854 5

258 881 410 982 siluisque
437 880 551 944 elicere
577 880 645 944 siue
667 877 838 944 obsidione
859 901 1005 965 premere
1021 888 1145 965 posset,
1168 877 1267 964 legati
1285 878 1328 942 ed
1350 901 1425 943 eum

258 987 419 1052 prrnc1pes
441 963 630 1030 Aeduorum
667 966 801 1028 ueniunt
833 973 975 1046 oratum,
1006 974 1042 1027 ut
1071 965 1215 1028 maxime
1244 966 1424 1029 necessario

226 1051 401 1137 3tempore
418 1051 540 1114 ciuitati
559 1048 741 1114 subueniat:
769 1071 894 1114 summo
913 1069 983 1114 esse
1008 1049 1042 1112 in
1063 1048 1209 1134 periculo
1227 1071 1303 1131 rem,
1327 1047 1424 1134 quod,

258 1158 331 1200 cum
350 1134 470 1221 singuli
486 1136 695 1219 magistratus
713 1135 891 1220 antiquitus
909 1135 1011 1199 creari
1029 1144 1127 1220 atque
1144 1135 1269 1219 regiam
1286 1143 1425 1220 potesta-

257 1231 322 1286 tem
340 1243 459 1285 annum
483 1220 627 1305 optinere
645 1228 859 1301 consuessent,
878 1219 942 1284 duo
960 1221 1185 1304 magistratum
1203 1229 1318 1305 gerant
1339 1228 1371 1283 et
1391 1241 1425 1284 se
1436 1219 1476 1278 10

226 1306 392 1392 Auterque
410 1327 523 1370 eorum
540 1303 668 1389 legibus
687 1314 831 1369 creatum
854 1326 923 1368 esse
939 1304 1036 1369 dicat
1057 1305 1186 1368 Horum
1203 1326 1273 1369 esse
1288 1303 1425 1369 alterum

258 1389 559 1472 Conuictolitauem,
581 1389 749 1454 florentem
774 1399 805 1454 et
829 1389 997 1454 inlustrem
1015 1388 1261 1472 adulescentem,
1287 1388 1425 1454 alterum

259 1475 394 1557 Cotum,
426 1475 650 1560 antiquissima
680 1473 806 1538 familia
839 1484 951 1539 natum
988 1485 1085 1560 atque
1121 1475 1229 1623 ipsum
1259 1473 1426 1540 hominem

259 1582 405 1625 summae
415 1561 578 1646 potentiae
596 1569 776 1645 etmagnae
794 1560 1006 1644 cognationis,
1021 1561 1111 1624 cuius
1160 1570 1228 1624 ater
1236 1558 1424 1624 Valetiacus

228 1646 408 1732 bproximo
433 1667 516 1711 enno
546 1644 683 1709 eundem
717 1647 945 1730 magistratum
972 1646 1113 1730 gesserit.
1157 1644 1329 1710 ciuitatem
1356 1643 1474 1710 esse15

260 1753 387 1795 omnem
417 1731 452 1794 in
482 1730 596 1813 armis3
624 1729 762 1794 diuisum
793 1739 956 1812 senatum,
981 1729 1123 1794 diuisum
1148 1729 1319 1817 populum,
1350 1753 1425 1794 suas

260 1815 415 1900 cuiusque
434 1837 545 1879 eorum
563 1813 735 1879 clientelas
765 1813 875 1894 ¹Quod
893 1815 921 1879 si
938 1814 1059 1879 diutius
1077 1814 1182 1880 alatur
1198 1816 1425 1896 controuersia,

259 1899 338 1982 fore,
354 1901 402 1964 uti
418 1923 495 2000 pars
513 1922 587 1964 cum
609 1907 701 1985 perte
723 1901 863 1964 ciuitatis
881 1899 1050 1985 confligat3
1071 1900 1106 1964 id
1128 1921 1169 1964 ne
1187 1900 1322 1982 accidat,
1340 1902 1424 1986 posi-

259 1994 328 2050 tum
345 1985 380 2049 in
398 2007 465 2049 ems
485 1984 543 2048 dili
568 1986 653 2050 entia
676 1994 772 2070 etque
789 1987 988 2050 auctoritate
1386 1993 1389 1998 '

231 2071 247 2132 1
342 2069 504 2134 XXXHI.
537 2007 666 2151 (laesar,
692 2071 752 2134 etsi
770 2094 789 2135 a
807 2068 893 2134 bello
918 2080 1014 2156 etque
1036 2070 1129 2134 hoste
1146 2068 1312 2134 discedere
1329 2068 1424 2133 detri-

259 2165 440 2219 mentosum
467 2177 536 2220 esse
566 2154 787 2237 existimabat,
818 2165 927 2219 tamen
951 2178 1016 2220 non
1043 2156 1205 2240 ignorans,
1236 2164 1357 2240 quanta
1383 2177 1426 2218 ex

259 2238 512 2305 dissensionibus
541 2239 746 2304 incommoda
773 2241 851 2304 oriri
882 2249 1100 2322 consuessent,
1125 2262 1166 2304 ne
1188 2249 1280 2304 tanta
1304 2249 1425 2304 ettam

261 2327 431 2390 coniuncta
454 2323 575 2411 populo
603 2325 751 2389 Romano
774 2326 903 2408 ciuitas,
926 2348 1025 2412 quam
1046 2327 1117 2411 ipse
1145 2347 1271 2472 semper
1294 2322 1426 2389 aluisset

260 2410 472 2496 omnibusque
498 2409 596 2474 rebus
620 2420 777 2492 ornasset,
804 2411 847 2475 ad
877 2413 944 2475 uim
966 2420 1064 2496 atque
1091 2433 1182 2474 arma
1232 2408 1425 2491 escenderet,
1456 2407 1474 2466 5

261 2505 357 2580 atque
375 2517 413 2559 ea
430 2517 515 2580 pars,
535 2516 617 2580 quae
642 2497 747 2559 minus
770 2495 953 2578 confideret,
978 2494 1101 2560 auxilia
1123 2518 1143 2559 a
1159 2495 1426 2580 Vercingetorige

231 2581 443 2662 iarcesseret,
465 2579 540 2644 huic
558 2579 605 2644 rei
622 2579 892 2664 praeuertendum
911 2582 1111 2645 existimauit
1132 2589 1172 2662 et,
1191 2579 1280 2666 quod
1297 2579 1425 2665 legibus

226 2739 228 2741 ¹
259 2664 449 2730 Aeduorum
471 2663 530 2746 his,
554 2666 608 2749 qui
627 2685 788 2730 summum
814 2667 1040 2751 magistratum
1057 2666 1244 2751 optinerent,
1272 2664 1426 2729 excedere

260 2771 303 2813 ex
319 2748 440 2813 finibus
457 2771 523 2814 non
541 2748 659 2831 liceret,
676 2750 798 2836 nequid
816 2750 857 2814 de
873 2753 943 2816 iure
962 2760 1018 2815 aut
1036 2751 1076 2816 de
1098 2749 1225 2836 legibus
1243 2772 1354 2814 eorum
1373 2750 1425 2814 de-

259 2835 413 2898 minuisse
431 2833 602 2916 uideretur,
620 2836 690 2919 ipse
707 2837 741 2898 in
754 2835 890 2901 Aeduos
907 2835 1069 2922 proficisci
1086 2837 1198 2900 statiut
1216 2845 1427 2920 senatumque
1437 2836 1476 2893 10

261 2941 394 2984 omnem
407 2929 438 2984 et
457 2939 538 3004 quos
556 2920 640 2984 inter
649 2922 868 2986 controuersia
885 2932 968 2985 esset
986 2920 1029 2986 ad
1038 2943 1072 2986 se
1081 2921 1251 2985 Decetiam
1270 2922 1425 2986 euocauit

228 3004 343 3070 30um
360 3026 462 3090 prope
485 3005 588 3069 omnis
606 3005 720 3069 ciuitas
747 3028 785 3070 eo
819 3009 1020 3071 conuenisset
1046 3005 1285 3092 docereturque,
1312 3006 1426 3091 paucis

259 3089 344 3154 clam
367 3091 552 3154 conuocatis
571 3088 634 3154 alio
661 3088 742 3173 loco,
769 3090 834 3156 alio
856 3101 1009 3177 tempore,
1032 3100 1129 3177 atquc
1152 3092 1338 3177 oportuerit,
1363 3091 1426 3154 fra-

259 3185 341 3239 trem
359 3197 379 3240 a
400 3174 499 3238 fratre
516 3177 742 3257 renuntiatum,
764 3198 839 3240 cum
861 3175 948 3262 leges
970 3176 1035 3241 duo
1054 3199 1096 3242 ex
1118 3200 1183 3241 una
1204 3175 1330 3240 familia
1348 3176 1425 3239 uiuo

326 3412 350 3466 2.
370 3413 483 3466 nanctus
500 3409 529 3464 B
546 3413 645 3466 uentus
662 3413 689 3466 A
707 3414 804 3466 nectus
822 3418 881 3468 cett.
916 3413 941 3466 3.
959 3412 1053 3468 refecit
1070 3412 1099 3467 B
1115 3411 1201 3467 reficit
1218 3411 1273 3482 Α’β
1306 3411 1332 3466 5.
1348 3411 1427 3465 insti-

257 3496 351 3550 tuissde
368 3494 395 3549 A
429 3496 453 3552 6.
472 3511 597 3561 premere
614 3495 643 3550 B
677 3498 702 3553 7.
720 3496 814 3563 edqul
831 3497 866 3553 M
894 3497 1101 3553 heeduorum'B
1118 3497 1236 3553 beduoru
1253 3496 1280 3550 A
1314 3497 1428 3552 ueniunt

259 3599 277 3636 α
294 3583 463 3652 ueneruntss
512 3581 537 3634 7.
555 3582 668 3652 maxime
686 3581 715 3636 B
767 3582 927 3638 loannem
946 3602 963 3635 α
980 3587 1107 3654 ennutpt
1149 3582 1269 3650 optinere
1286 3581 1347 3637 A¹r
1379 3579 1427 3636 ob-

257 3664 346 3719 tinere
365 3669 422 3720 cett.
443 3666 483 3719 11.
501 3667 619 3720 ereetum
638 3668 722 3722 essee
739 3670 897 3740 ereetumss
929 3669 970 3722 12.
987 3666 1179 3722 admiscentem
1197 3666 1226 3720 B
1260 3667 1301 3721 14.
1315 3666 1428 3721 ueletia-

255 3765 301 3804 cus
318 3749 377 3804 BT
388 3749 515 3806 ueleciec’
532 3749 570 3806 M
583 3751 730 3806 uelociatus
748 3752 775 3805 A
792 3752 906 3807 altiacus
927 3752 958 3808 U.

323 3855 448 3909 XXXIII.
477 3853 500 3907 1.
519 3869 536 3908 a
554 3871 579 3916 α,
598 3858 682 3926 eoass
705 3855 730 3908 4.
749 3835 795 3922 pf.
812 3854 839 3907 A
854 3835 934 3922 ρΎΒ
974 3855 997 3910 5.
1017 3854 1189 3910 descenderet
1206 3858 1228 3926 β
1243 3854 1391 3909 discederet
1409 3873 1427 3908 α

257 3938 282 3992 6.
301 3936 444 3992 confideret
465 3957 482 3988 α
499 3936 551 3992 sibi
568 3938 712 3994 confideret
729 3944 749 4010 β
765 3939 1009 4008 uercintorigeAB
1027 3942 1050 3995 7.
1060 3943 1207 3996 arcesseret
1216 3941 1272 4013 A‘ss
1287 3939 1427 3995 eccessertr

256 4021 293 4076 B‘
317 4020 495 4091 puertendnm
512 4022 547 4076 A¹
565 4023 589 4077 8.
607 4023 769 4078 heeduorum
786 4023 843 4078 AB
859 4024 902 4080 his
919 4024 1039 4096 arpis
1057 4025 1096 4079 Μ
1108 4026 1303 4094 optinerentA⁶
1321 4025 1426 4080 obtine-

256 4108 317 4160 rent
334 4112 393 4162 cett.
412 4108 435 4161 9.
445 4106 479 4161 de
489 4107 546 4162 inre
564 4111 612 4162 ent
630 4107 662 4162 de
672 4107 778 4176 legibus
797 4128 815 4160 a
832 4109 865 4164 de
883 4109 988 4178 legibus
1005 4114 1054 4166 aut
1072 4112 1129 4165 iure
1145 4115 1167 4182 β
1182 4111 1224 4167 10.
1242 4112 1357 4166 heeduos
1373 4109 1428 4164 AB

257 4192 297 4245 11.
316 4190 414 4246 decbie
431 4190 486 4262 ΑΨ
501 4192 578 4246 &iem
597 4191 633 4246 R
686 4194 726 4250 12.
749 4195 903 4250 conuenisse
925 4194 1062 4251 doceretur
1078 4196 1114 4249 A*
1147 4197 1257 4266 ppencis
1273 4197 1315 4250 At
1354 4197 1393 4252 14.
1411 4211 1428 4250 e

255 4275 310 4346 ΑΨ
326 4276 349 4330 tr
366 4275 403 4330 B‘
436 4277 621 4334 renunciatum
638 4276 674 4332 Β.
