3300 5067
236 368 278 431 24
810 377 827 434 I

236 540 330 623 signa
347 539 444 604 laturi
462 540 619 623 dicantrrr,
636 541 717 605 nihil
735 563 770 605 se
787 563 827 605 ea
843 563 878 605 re
894 543 1102 605 commoneri:
1121 543 1202 605 scire
1221 544 1314 624 enim,
1334 545 1402 628 qui-

234 622 436 711 buscumque
454 629 612 691 exercitus
624 627 709 691 dicto
730 625 863 690 audiens
877 647 942 690 non
960 626 1064 707 fuerit,
1083 636 1139 690 aut
1156 627 1240 692 male
1257 650 1292 692 re
1310 638 1402 714 gesta

236 709 398 774 fortunam
425 711 566 776 defuisse
592 722 648 777 aut
666 712 774 797 aliquo
797 711 941 775 facinore
963 721 1115 797 conperto
1139 714 1311 777 auaritiam
1334 735 1403 778 esse

235 798 430 879 conuictam3
458 819 550 861 suam
567 798 783 862 innocentiam
801 806 957 882 perpetua
979 798 1057 877 uita,
1079 796 1267 863 felicitatem
1284 797 1402 863 Helue·
1414 796 1452 860 13

184 880 355 944 sotiorum
382 880 468 947 bello
492 904 561 947 esse
587 891 797 981 perspectam.
841 881 957 967 Itaque
984 904 1026 963 se,
1054 882 1142 967 quod
1164 885 1198 947 in
1223 882 1403 968 longiorem
1415 883 1454 945 14

235 963 320 1029 diem
342 965 524 1031 conlaturus
553 967 674 1049 fuisset,
691 976 1005 1052 repraesentaturum
1031 976 1062 1031 et
1078 970 1229 1052 proxima
1246 978 1340 1033 nocte
1363 968 1403 1033 de

234 1060 351 1135 quarta
375 1051 492 1137 uigilia
517 1062 624 1117 carba
649 1062 820 1134 moturum,
850 1061 887 1116 ut
922 1072 1021 1137 quam
1051 1053 1193 1138 primum
1218 1053 1403 1138 intellegere

257 1144 350 1217 osset,
375 1146 484 1201 utrum
501 1138 590 1223 apud
608 1160 663 1202 eos
681 1136 788 1223 pudor
811 1146 908 1223 atque
927 1135 1080 1219 officium,
1100 1160 1142 1201 an
1159 1140 1254 1203 timor
1271 1138 1402 1204 ualeret.

232 1158 332 1301 {uod
350 1221 378 1285 si
400 1231 567 1307 praeterea
592 1244 687 1287 nemo
712 1231 873 1308 sequatur,
899 1232 1008 1286 tamen
1033 1244 1067 1286 se
1094 1245 1167 1287 cum
1190 1223 1259 1288 sola
1278 1223 1452 1289 decimali>

183 1304 361 1453 Adlegione
377 1308 505 1389 iturum,
529 1307 569 1371 de
595 1330 661 1455 <plia
682 1330 748 1372 non
766 1307 937 1389 dubitaret,
960 1306 1087 1393 sibique
1116 1330 1189 1372 eam
1206 1311 1402 1394 praetoriam

235 1412 272 1454 co
298 1401 400 1455 ortem
418 1391 568 1457 futuram.
637 1394 691 1456 uic
707 1391 829 1477 legioni
847 1391 968 1457 Caesar
986 1403 1017 1456 et
1036 1392 1212 1457 indulserat
1229 1397 1402 1480 praecipue

236 1484 266 1539 et
284 1485 416 1561 propter
432 1479 586 1541 uirtutem
604 1476 789 1542 confidebat
811 1480 962 1542 maxime.

317 1560 479 1625 XXXXI.
496 1562 570 1627 Hac
587 1564 733 1627 oratione
750 1562 864 1627 habita
885 1564 1003 1627 mirum
1021 1564 1054 1626 in
1072 1562 1205 1627 modum
1228 1566 1428 1629 conuersae]

233 1654 307 1709 sunt
322 1648 466 1711 omnium
483 1658 614 1730 mentes,
633 1670 823 1733 summaque
843 1647 992 1713 alacritas
1016 1656 1047 1711 ct
1065 1647 1225 1733 cupiditas
1246 1647 1327 1713 belli
1349 1671 1402 1735 ge·

233 1729 325 1794 rendi
342 1732 454 1796 innata
472 1741 527 1814 est,
549 1734 764 1819 princepsque
780 1732 906 1797 decima
923 1732 1009 1817 legio
1028 1755 1085 1818 per
1102 1732 1249 1798 tribunos
1264 1734 1431 1798 militumi

233 1814 264 1892 ei
278 1818 400 1900 gratias
419 1819 493 1901 egit,
512 1818 599 1903 quod
619 1818 658 1882 de
676 1840 711 1883 se
728 1820 887 1903 optimum
897 1818 1054 1881 iudicium
1071 1817 1208 1900 fecisset,
1227 1841 1325 1904 seque
1334 1841 1403 1884 esse

205 1899 277 1964 sad
293 1900 415 1965 bellum
426 1903 851 1990 gerendumparatissimam
861 1903 1071 1967 confirmauit
1114 1903 1243 1968 Deinde
1260 1903 1319 1969 reli
1343 1905 1431 1969 uae3

235 1984 379 2070 legiones
389 2008 463 2051 cum
472 1987 610 2053 tribunis
619 1987 757 2053 militum
766 1998 797 2052 et
813 1990 993 2075 primorum
1003 1988 1151 2052 ordinum
1161 1927 1402 2054 cenunionibus

237 2081 379 2155 egerunt,
396 2075 444 2136 uti
453 2071 584 2137 Caesari
593 2074 828 2138 satisfacerent:
848 2095 881 2138 se
889 2095 948 2138 nec
961 2094 1116 2159 umquam
1127 2073 1291 2139 dubitasse
1299 2098 1403 2160 neque

235 2157 379 2221 timuisse
396 2180 501 2243 neque
521 2158 561 2222 de
586 2180 714 2223 summa
730 2157 807 2223 belli
827 2181 921 2222 suum
937 2158 1102 2241 iudicium,
1126 2159 1183 2224 sed
1200 2160 1402 2246 imperatoris

235 2263 305 2305 esse
323 2243 568 2308 existimauisse.
610 2243 734 2309 Eorum
760 2243 981 2308 satisfactione
1009 2254 1142 2330 accepta
1165 2254 1197 2309 et
1213 2246 1326 2309 itinere
1348 2245 1432 2309 err-4

183 2328 223 2385 10
234 2328 352 2411 quisito
371 2350 428 2413 per
445 2328 664 2411 Diuiciacum,
687 2329 775 2415 quod
793 2351 836 2394 ex
854 2328 926 2393 aliis
945 2330 975 2393 ei
993 2332 1172 2394 maximam
1189 2328 1287 2393 fidem
1304 2330 1402 2395 habe-

233 2411 302 2493 bat,
329 2422 365 2476 ut
394 2412 521 2478 milium
548 2436 601 2477 am
625 2414 688 2478 lius
715 2416 861 2500 quinqua
887 2416 893 2429 '
919 2423 953 2478 ta
980 2414 1150 2479 circumitu
1176 2414 1255 2479 locis
1282 2417 1402 2500 apertis

234 2498 412 2561 exercitum
434 2498 577 2580 duceret,
596 2437 636 2563 de
654 2509 772 2585 quarta
788 2436 919 2583 argaid?
939 2509 975 2563 ut
994 2499 1134 2582 dixerat,
1162 2500 1325 2586 profectus
1348 2510 1402 2565 est.

234 2580 378 2666 Septimo
402 2582 467 2665 die,
491 2605 565 2647 cum
583 2584 644 2647 iter
660 2606 726 2648 non
743 2585 978 2666 intermitteret,
1001 2583 1043 2648 ab
1062 2584 1321 2670 exploratoribus
1339 2587 1432 2652 cer-b

233 2667 297 2729 tior
314 2666 418 2731 factis
436 2677 492 2750 est,
509 2667 670 2733 Ariouisti
688 2669 798 2754 copias
817 2692 837 2733 a
854 2670 971 2733 nostris
989 2668 1121 2734 milibus
1139 2692 1293 2755 passuum
1312 2681 1403 2756 quat-

133 2751 136 2758 ’
185 2750 307 2817 15tuor
329 2763 361 2816 et
380 2763 432 2815 XX
454 2752 575 2818 abesse.

319 2836 496 2903 XXXXII.
523 2836 661 2923 Cognito
681 2837 830 2904 Caesaris
857 2838 998 2903 aduentu
1015 2838 1200 2904 Ariouistus
1218 2840 1342 2925 legatos
1361 2840 1430 2905 adi

236 2943 309 2985 eum
326 2924 436 2987 mittit:
460 2923 548 3010 quod
566 2932 662 2988 antea
683 2922 724 2987 de
742 2922 914 3009 conloquio
933 2924 1136 3010 postulasset,
1154 2924 1188 2989 id
1206 2948 1263 3011 per
1282 2948 1315 2991 se
1333 2924 1403 2990 fieri

235 3004 338 3089 licere,
356 3009 510 3094 quoniam
528 3009 660 3095 propius
678 3010 873 3091 accessisset,
891 3031 989 3095 seque
997 3009 1032 3073 id
1049 3011 1117 3074 sine
1135 3010 1277 3095 periculo
1296 3011 1403 3076 facere

233 3210 275 3264 38.
294 3212 463 3280 compertoB
479 3213 521 3267 39.
530 3212 678 3268 conuictam
697 3210 772 3267 codd.
782 3218 897 3267 recentes
914 3212 1080 3267 concinatam
1091 3212 1129 3266 M
1138 3212 1304 3267 coniunctam
1321 3213 1405 3286 ABp

233 3312 307 3350 suam
319 3326 353 3335 -
370 3297 543 3367 perspectam]
559 3312 610 3351 cru.
620 3296 658 3350 M
686 3298 890 3365 perpetuatum,
908 3298 1065 3358 felicitatem
1082 3296 1325 3353 BartholRiccias
1343 3314 1401 3367 per-

233 3382 390 3449 plruauitae
409 3382 538 3437 felicitate
547 3381 747 3452 AB‘Tppetua
755 3382 829 3437 uitae
838 3382 968 3449 felicitate
990 3382 1018 3438 U
1047 3384 1090 3437 41.
1109 3384 1204 3437 fuisset
1223 3402 1241 3438 α
1258 3386 1329 3437 essct
1346 3378 1402 3455 βΒἰ

232 3469 491 3533 repraesentaturum
508 3466 571 3521 ΑΒ
575 3468 601 3521 T
613 3483 669 3522 rem
677 3469 838 3536 psentaturu
855 3466 893 3522 M
905 3470 1151 3539 representaturum
1168 3484 1225 3522 esse
1247 3466 1317 3522 UBr
1359 3470 1400 3523 42.

232 3552 329 3619 quarta
346 3551 372 3605 A
406 3553 504 3623 castra]
522 3568 563 3607 om
588 3552 615 3607 A
648 3552 691 3607 43.
708 3552 812 3605 ualeret
831 3571 849 3608 α
865 3552 926 3621 plus
953 3553 1056 3607 ualeret
1073 3548 1140 3623 ssB²
1173 3549 1215 3609 46'.
1225 3542 1325 3622 legioni
1342 3569 1400 3607 cae·

231 3652 274 3689 sar
292 3654 311 3691 α
328 3652 418 3691 caesar
434 3637 534 3706 legioni
550 3642 572 3709 β
602 3638 645 3693 47.
663 3639 700 3704 ct]
718 3639 790 3707 omps
810 3638 968 3707 praecipuae
986 3636 1068 3693 AB1.

298 3771 421 3826 XXXXl.
454 3722 526 3829 ibo
543 3772 571 3828 Β
604 3774 629 3828 5.
650 3725 735 3845 roffi
753 3772 781 3828 Β
833 3774 857 3827 6.
867 3788 926 3831 cum
943 3772 1059 3828 tribunis
1077 3793 1096 3830 α
1112 3790 1130 3845 p
1147 3774 1268 3829 tribunos
1285 3775 1314 3830 Β
1331 3790 1399 3831 corr.

230 3875 397 3929 centuriones
414 3874 442 3930 Β
459 3889 527 3930 corr.
563 3876 586 3931 i.
605 3876 647 3930 nti
666 3896 685 3931 α
702 3875 809 3944 stipor
827 3874 948 3947 eosssB'
982 3868 1029 3934 nec
1048 3896 1066 3933 α
1083 3892 1168 3947 neque
1186 3876 1232 3948 βΒ
1240 3892 1313 3933 cora·
1327 3879 1352 3933 8.
1363 3879 1399 3932 ti·

835 3961 847 4002 t

230 4010 348 4083 measse
366 4011 394 4065 Β
428 4014 452 4068 a
467 4011 535 4082 esse]
553 4028 603 4067 om.
620 4011 656 4067 r
707 4012 747 4067 10.
770 4010 931 4067 diuisurum
948 4013 977 4067 Β
1011 4014 1051 4069 11.
1070 3976 1144 4068 arii
1167 4014 1209 4069 au
1226 4014 1255 4069 Β
1271 4014 1396 4085 orscamp
1425 4084 1426 4090 p

231 4148 271 4201 itu
288 4146 327 4202 M
339 4107 450 4203 oirouftu
467 4147 494 4202 A
511 4148 624 4202 circuitu
641 4152 698 4203 cett.
733 4150 838 4217 apertas
856 4148 882 4203 A
887 4164 932 4219 pr.

298 4281 437 4338 xxxxll.
454 4285 478 4339 2.
496 4285 656 4353 postolasset
673 4282 709 4338 Β
743 4233 807 4340 fiord
824 4284 853 4340 Β
887 4285 911 4341 3.
929 4286 1021 4355 pprius
1038 4285 1065 4340 A
